[gd_scene load_steps=8 format=3 uid="uid://d31ggdjiqglbm"]

[ext_resource type="Theme" uid="uid://dt8qj3crvursx" path="res://tres/theme.tres" id="1_126kj"]
[ext_resource type="StyleBox" uid="uid://c43xwglw1t7wc" path="res://tres/button_card.tres" id="2_4pkqg"]
[ext_resource type="Script" path="res://scripts/button_card.gd" id="3_as2ue"]

[sub_resource type="StyleBoxEmpty" id="StyleBoxEmpty_c2v4k"]

[sub_resource type="Animation" id="Animation_fbpvr"]
length = 0.001
tracks/0/type = "value"
tracks/0/imported = false
tracks/0/enabled = true
tracks/0/path = NodePath(".:scale")
tracks/0/interp = 1
tracks/0/loop_wrap = true
tracks/0/keys = {
"times": PackedFloat32Array(0),
"transitions": PackedFloat32Array(1),
"update": 0,
"values": [Vector2(1, 1)]
}

[sub_resource type="Animation" id="Animation_pyy2c"]
resource_name = "flip"
length = 0.3
tracks/0/type = "value"
tracks/0/imported = false
tracks/0/enabled = true
tracks/0/path = NodePath(".:scale:x")
tracks/0/interp = 2
tracks/0/loop_wrap = true
tracks/0/keys = {
"times": PackedFloat32Array(0, 0.15, 0.3),
"transitions": PackedFloat32Array(1, 1, 1),
"update": 0,
"values": [1.0, 0.1, 1.0]
}

[sub_resource type="AnimationLibrary" id="AnimationLibrary_ia5tt"]
_data = {
"RESET": SubResource("Animation_fbpvr"),
"flip": SubResource("Animation_pyy2c")
}

[node name="ButtonCard" type="Button"]
auto_translate_mode = 2
modulate = Color(1, 1, 1, 0)
anchors_preset = 15
anchor_right = 1.0
anchor_bottom = 1.0
grow_horizontal = 2
grow_vertical = 2
size_flags_horizontal = 3
size_flags_vertical = 3
theme = ExtResource("1_126kj")
theme_override_styles/focus = SubResource("StyleBoxEmpty_c2v4k")
theme_override_styles/disabled = ExtResource("2_4pkqg")
theme_override_styles/hover = ExtResource("2_4pkqg")
theme_override_styles/pressed = ExtResource("2_4pkqg")
theme_override_styles/normal = ExtResource("2_4pkqg")
script = ExtResource("3_as2ue")

[node name="MarginCard" type="MarginContainer" parent="."]
layout_mode = 1
anchors_preset = 15
anchor_right = 1.0
anchor_bottom = 1.0
grow_horizontal = 2
grow_vertical = 2
theme_override_constants/margin_left = 16
theme_override_constants/margin_top = 16
theme_override_constants/margin_right = 16
theme_override_constants/margin_bottom = 16

[node name="LabelCard" type="Label" parent="MarginCard"]
visible = false
custom_minimum_size = Vector2(100, 0)
layout_mode = 2
size_flags_vertical = 1
theme_override_colors/font_color = Color(0, 0, 0, 1)
horizontal_alignment = 1
vertical_alignment = 1
autowrap_mode = 1
text_overrun_behavior = 3
max_lines_visible = 2

[node name="AnimationCard" type="AnimationPlayer" parent="."]
libraries = {
"": SubResource("AnimationLibrary_ia5tt")
}

[connection signal="ready" from="." to="." method="_on_ready"]
[connection signal="tree_exiting" from="." to="." method="_on_tree_exiting"]
