[gd_scene load_steps=27 format=3 uid="uid://luebufuf5pdd"]

[ext_resource type="Theme" uid="uid://dt8qj3crvursx" path="res://tres/theme.tres" id="1_cu44e"]
[ext_resource type="Script" path="res://scripts/editor.gd" id="2_jdu3u"]
[ext_resource type="StyleBox" uid="uid://dn3h3yy3c4uso" path="res://tres/style_label_main.tres" id="3_u73dy"]
[ext_resource type="Texture2D" uid="uid://2bg2dh22n8da" path="res://assets/ui/button_square_red.svg" id="4_1qm6h"]
[ext_resource type="Texture2D" uid="uid://dwohxswtkyt4c" path="res://assets/ui/button_square_red_hovered.svg" id="5_sw6vf"]
[ext_resource type="Texture2D" uid="uid://gcbti87vcg6r" path="res://assets/ui/icon_close.svg" id="6_jn8bi"]
[ext_resource type="Texture2D" uid="uid://cq6ij4xex0lj" path="res://assets/textures/board.png" id="7_7pups"]
[ext_resource type="Texture2D" uid="uid://ufhs3skdo8mp" path="res://assets/ui/button_square_black.svg" id="9_8i7hq"]
[ext_resource type="Texture2D" uid="uid://dqkmhnuib27w3" path="res://assets/ui/icon_document_new.svg" id="10_12ojj"]
[ext_resource type="Texture2D" uid="uid://c0r7ndjto3ub5" path="res://assets/ui/button_square_black_hovered.svg" id="11_anris"]
[ext_resource type="Texture2D" uid="uid://tca76rot3338" path="res://assets/ui/icon_document_open.svg" id="11_go18w"]
[ext_resource type="Texture2D" uid="uid://c4eg8bbc4lq5v" path="res://assets/ui/button_square_green.svg" id="11_nppim"]
[ext_resource type="Texture2D" uid="uid://53aa1mnlf83y" path="res://assets/ui/icon_document_save.svg" id="12_c0g72"]
[ext_resource type="Texture2D" uid="uid://nph4joye74hw" path="res://assets/ui/button_square_green_hovered.svg" id="12_oa0bs"]
[ext_resource type="Texture2D" uid="uid://dwr0mqn5xy4l8" path="res://assets/ui/icon_list_add.svg" id="13_6o7cw"]
[ext_resource type="Texture2D" uid="uid://bwixigionou4i" path="res://assets/ui/icon_list_remove.svg" id="14_8u5hf"]
[ext_resource type="Texture2D" uid="uid://c082vf5aq6xkv" path="res://assets/ui/button_square_black_disabled.svg" id="14_vrhas"]
[ext_resource type="StyleBox" uid="uid://bn8dutotenq1v" path="res://tres/style_tree_title.tres" id="15_ugwvc"]
[ext_resource type="Texture2D" uid="uid://bwjrrgqy68ll4" path="res://assets/ui/icon_warning.svg" id="16_agad8"]
[ext_resource type="Texture2D" uid="uid://dnr5ow6v62irm" path="res://assets/ui/button_medium_green.svg" id="20_ncrm0"]
[ext_resource type="Texture2D" uid="uid://sljenedejgu5" path="res://assets/ui/button_medium_green_hovered.svg" id="21_nkbdy"]
[ext_resource type="Texture2D" uid="uid://c3ng53dvogvi1" path="res://assets/ui/button_medium_green_disabled.svg" id="22_lq076"]

[sub_resource type="Animation" id="Animation_h7jnj"]
length = 0.001

[sub_resource type="Animation" id="Animation_ky1q0"]
resource_name = "fade_in"
tracks/0/type = "value"
tracks/0/imported = false
tracks/0/enabled = true
tracks/0/path = NodePath("VBoxEditor/MarginTop:modulate")
tracks/0/interp = 1
tracks/0/loop_wrap = true
tracks/0/keys = {
"times": PackedFloat32Array(0, 1),
"transitions": PackedFloat32Array(1, 1),
"update": 0,
"values": [Color(1, 1, 1, 0), Color(1, 1, 1, 1)]
}
tracks/1/type = "value"
tracks/1/imported = false
tracks/1/enabled = true
tracks/1/path = NodePath("VBoxEditor/TextureBoard/MarginBoard:modulate")
tracks/1/interp = 1
tracks/1/loop_wrap = true
tracks/1/keys = {
"times": PackedFloat32Array(0, 1),
"transitions": PackedFloat32Array(1, 1),
"update": 0,
"values": [Color(1, 1, 1, 0), Color(1, 1, 1, 1)]
}
tracks/2/type = "value"
tracks/2/imported = false
tracks/2/enabled = true
tracks/2/path = NodePath("VBoxEditor/MarginBottom:modulate")
tracks/2/interp = 1
tracks/2/loop_wrap = true
tracks/2/keys = {
"times": PackedFloat32Array(0, 1),
"transitions": PackedFloat32Array(1, 1),
"update": 0,
"values": [Color(1, 1, 1, 0), Color(1, 1, 1, 1)]
}

[sub_resource type="Animation" id="Animation_6i123"]
resource_name = "fade_out"
tracks/0/type = "value"
tracks/0/imported = false
tracks/0/enabled = true
tracks/0/path = NodePath("VBoxEditor/MarginTop:modulate")
tracks/0/interp = 1
tracks/0/loop_wrap = true
tracks/0/keys = {
"times": PackedFloat32Array(0, 1),
"transitions": PackedFloat32Array(1, 1),
"update": 0,
"values": [Color(1, 1, 1, 1), Color(1, 1, 1, 0)]
}
tracks/1/type = "value"
tracks/1/imported = false
tracks/1/enabled = true
tracks/1/path = NodePath("VBoxEditor/TextureBoard/MarginBoard:modulate")
tracks/1/interp = 1
tracks/1/loop_wrap = true
tracks/1/keys = {
"times": PackedFloat32Array(0, 1),
"transitions": PackedFloat32Array(1, 1),
"update": 0,
"values": [Color(1, 1, 1, 1), Color(1, 1, 1, 0)]
}
tracks/2/type = "value"
tracks/2/imported = false
tracks/2/enabled = true
tracks/2/path = NodePath("VBoxEditor/MarginBottom:modulate")
tracks/2/interp = 1
tracks/2/loop_wrap = true
tracks/2/keys = {
"times": PackedFloat32Array(0, 1),
"transitions": PackedFloat32Array(1, 1),
"update": 0,
"values": [Color(1, 1, 1, 1), Color(1, 1, 1, 0)]
}

[sub_resource type="AnimationLibrary" id="AnimationLibrary_r155j"]
_data = {
"RESET": SubResource("Animation_h7jnj"),
"fade_in": SubResource("Animation_ky1q0"),
"fade_out": SubResource("Animation_6i123")
}

[node name="Editor" type="Control"]
layout_mode = 3
anchors_preset = 15
anchor_right = 1.0
anchor_bottom = 1.0
grow_horizontal = 2
grow_vertical = 2
theme = ExtResource("1_cu44e")
script = ExtResource("2_jdu3u")

[node name="VBoxEditor" type="VBoxContainer" parent="."]
layout_mode = 0
offset_right = 1920.0
offset_bottom = 1080.0
theme_override_constants/separation = 0

[node name="MarginTop" type="MarginContainer" parent="VBoxEditor"]
custom_minimum_size = Vector2(0, 64)
layout_mode = 2
theme_override_constants/margin_left = 8
theme_override_constants/margin_top = 8
theme_override_constants/margin_right = 8
theme_override_constants/margin_bottom = 8

[node name="CenterTop" type="CenterContainer" parent="VBoxEditor/MarginTop"]
layout_mode = 2
size_flags_horizontal = 4
size_flags_vertical = 4

[node name="LabelMain" type="Label" parent="VBoxEditor/MarginTop/CenterTop"]
layout_mode = 2
size_flags_horizontal = 3
size_flags_vertical = 1
theme_override_styles/normal = ExtResource("3_u73dy")
text = "Vocable Editor"
uppercase = true

[node name="ButtonClose" type="TextureButton" parent="VBoxEditor/MarginTop"]
custom_minimum_size = Vector2(48, 48)
layout_mode = 2
size_flags_horizontal = 8
texture_normal = ExtResource("4_1qm6h")
texture_pressed = ExtResource("5_sw6vf")
texture_hover = ExtResource("5_sw6vf")
ignore_texture_size = true
stretch_mode = 0

[node name="IconClose" type="TextureRect" parent="VBoxEditor/MarginTop/ButtonClose"]
layout_mode = 1
anchors_preset = 15
anchor_right = 1.0
anchor_bottom = 1.0
grow_horizontal = 2
grow_vertical = 2
texture = ExtResource("6_jn8bi")
expand_mode = 1

[node name="TextureBoard" type="TextureRect" parent="VBoxEditor"]
layout_mode = 2
size_flags_vertical = 3
texture = ExtResource("7_7pups")
expand_mode = 2
stretch_mode = 1

[node name="MarginBoard" type="MarginContainer" parent="VBoxEditor/TextureBoard"]
layout_mode = 1
anchors_preset = 15
anchor_right = 1.0
anchor_bottom = 1.0
grow_horizontal = 2
grow_vertical = 2
theme_override_constants/margin_left = 64
theme_override_constants/margin_top = 32
theme_override_constants/margin_right = 64
theme_override_constants/margin_bottom = 32

[node name="PanelBoard" type="Panel" parent="VBoxEditor/TextureBoard/MarginBoard"]
layout_mode = 2
size_flags_horizontal = 3
size_flags_vertical = 3

[node name="MarginBoard" type="MarginContainer" parent="VBoxEditor/TextureBoard/MarginBoard/PanelBoard"]
layout_mode = 1
anchors_preset = 15
anchor_right = 1.0
anchor_bottom = 1.0
grow_horizontal = 2
grow_vertical = 2
theme_override_constants/margin_left = 256
theme_override_constants/margin_top = 64
theme_override_constants/margin_right = 256
theme_override_constants/margin_bottom = 64

[node name="VBoxEditor" type="VBoxContainer" parent="VBoxEditor/TextureBoard/MarginBoard/PanelBoard/MarginBoard"]
layout_mode = 2
theme_override_constants/separation = 16

[node name="MarginFile" type="MarginContainer" parent="VBoxEditor/TextureBoard/MarginBoard/PanelBoard/MarginBoard/VBoxEditor"]
layout_mode = 2
size_flags_horizontal = 3
size_flags_vertical = 3
theme_override_constants/margin_left = 8
theme_override_constants/margin_top = 8
theme_override_constants/margin_right = 8
theme_override_constants/margin_bottom = 8

[node name="VBoxFile" type="VBoxContainer" parent="VBoxEditor/TextureBoard/MarginBoard/PanelBoard/MarginBoard/VBoxEditor/MarginFile"]
layout_mode = 2
theme_override_constants/separation = 8

[node name="HBoxFile" type="HBoxContainer" parent="VBoxEditor/TextureBoard/MarginBoard/PanelBoard/MarginBoard/VBoxEditor/MarginFile/VBoxFile"]
layout_mode = 2

[node name="ButtonFileNew" type="TextureButton" parent="VBoxEditor/TextureBoard/MarginBoard/PanelBoard/MarginBoard/VBoxEditor/MarginFile/VBoxFile/HBoxFile"]
layout_mode = 2
tooltip_text = "New File"
texture_normal = ExtResource("9_8i7hq")
texture_pressed = ExtResource("11_anris")
texture_hover = ExtResource("11_anris")

[node name="TextureFileNew" type="TextureRect" parent="VBoxEditor/TextureBoard/MarginBoard/PanelBoard/MarginBoard/VBoxEditor/MarginFile/VBoxFile/HBoxFile/ButtonFileNew"]
layout_mode = 1
anchors_preset = 8
anchor_left = 0.5
anchor_top = 0.5
anchor_right = 0.5
anchor_bottom = 0.5
offset_left = -24.0
offset_top = -24.0
offset_right = 24.0
offset_bottom = 24.0
grow_horizontal = 2
grow_vertical = 2
texture = ExtResource("10_12ojj")

[node name="ButtonFileOpen" type="TextureButton" parent="VBoxEditor/TextureBoard/MarginBoard/PanelBoard/MarginBoard/VBoxEditor/MarginFile/VBoxFile/HBoxFile"]
layout_mode = 2
tooltip_text = "Open File"
texture_normal = ExtResource("11_nppim")
texture_pressed = ExtResource("12_oa0bs")
texture_hover = ExtResource("12_oa0bs")

[node name="TextureFileOpen" type="TextureRect" parent="VBoxEditor/TextureBoard/MarginBoard/PanelBoard/MarginBoard/VBoxEditor/MarginFile/VBoxFile/HBoxFile/ButtonFileOpen"]
layout_mode = 1
anchors_preset = 8
anchor_left = 0.5
anchor_top = 0.5
anchor_right = 0.5
anchor_bottom = 0.5
offset_left = -24.0
offset_top = -24.0
offset_right = 24.0
offset_bottom = 24.0
grow_horizontal = 2
grow_vertical = 2
texture = ExtResource("11_go18w")

[node name="ButtonFileSave" type="TextureButton" parent="VBoxEditor/TextureBoard/MarginBoard/PanelBoard/MarginBoard/VBoxEditor/MarginFile/VBoxFile/HBoxFile"]
layout_mode = 2
tooltip_text = "Save File"
disabled = true
texture_normal = ExtResource("9_8i7hq")
texture_pressed = ExtResource("11_anris")
texture_hover = ExtResource("11_anris")
texture_disabled = ExtResource("14_vrhas")

[node name="TextureFileSave" type="TextureRect" parent="VBoxEditor/TextureBoard/MarginBoard/PanelBoard/MarginBoard/VBoxEditor/MarginFile/VBoxFile/HBoxFile/ButtonFileSave"]
modulate = Color(1, 1, 1, 0.501961)
layout_mode = 1
anchors_preset = 8
anchor_left = 0.5
anchor_top = 0.5
anchor_right = 0.5
anchor_bottom = 0.5
offset_left = -24.0
offset_top = -24.0
offset_right = 24.0
offset_bottom = 24.0
grow_horizontal = 2
grow_vertical = 2
texture = ExtResource("12_c0g72")

[node name="LabelFile" type="Label" parent="VBoxEditor/TextureBoard/MarginBoard/PanelBoard/MarginBoard/VBoxEditor/MarginFile/VBoxFile/HBoxFile"]
layout_mode = 2
size_flags_horizontal = 3
text = "No File Loaded"
horizontal_alignment = 2
vertical_alignment = 1
text_overrun_behavior = 3

[node name="HBoxUnits" type="HBoxContainer" parent="VBoxEditor/TextureBoard/MarginBoard/PanelBoard/MarginBoard/VBoxEditor/MarginFile/VBoxFile"]
layout_mode = 2

[node name="LabelUnits" type="Label" parent="VBoxEditor/TextureBoard/MarginBoard/PanelBoard/MarginBoard/VBoxEditor/MarginFile/VBoxFile/HBoxUnits"]
layout_mode = 2
size_flags_horizontal = 3
text = "Units"

[node name="ButtonUnitAdd" type="TextureButton" parent="VBoxEditor/TextureBoard/MarginBoard/PanelBoard/MarginBoard/VBoxEditor/MarginFile/VBoxFile/HBoxUnits"]
layout_mode = 2
tooltip_text = "Add Unit"
texture_normal = ExtResource("11_nppim")
texture_pressed = ExtResource("12_oa0bs")
texture_hover = ExtResource("12_oa0bs")

[node name="TextureUnitAdd" type="TextureRect" parent="VBoxEditor/TextureBoard/MarginBoard/PanelBoard/MarginBoard/VBoxEditor/MarginFile/VBoxFile/HBoxUnits/ButtonUnitAdd"]
layout_mode = 1
anchors_preset = 8
anchor_left = 0.5
anchor_top = 0.5
anchor_right = 0.5
anchor_bottom = 0.5
offset_left = -24.0
offset_top = -24.0
offset_right = 24.0
offset_bottom = 24.0
grow_horizontal = 2
grow_vertical = 2
texture = ExtResource("13_6o7cw")

[node name="ButtonUnitRemove" type="TextureButton" parent="VBoxEditor/TextureBoard/MarginBoard/PanelBoard/MarginBoard/VBoxEditor/MarginFile/VBoxFile/HBoxUnits"]
layout_mode = 2
tooltip_text = "Remove Unit"
disabled = true
texture_normal = ExtResource("9_8i7hq")
texture_pressed = ExtResource("11_anris")
texture_hover = ExtResource("11_anris")
texture_disabled = ExtResource("14_vrhas")

[node name="TextureUnitRemove" type="TextureRect" parent="VBoxEditor/TextureBoard/MarginBoard/PanelBoard/MarginBoard/VBoxEditor/MarginFile/VBoxFile/HBoxUnits/ButtonUnitRemove"]
modulate = Color(1, 1, 1, 0.501961)
layout_mode = 1
anchors_preset = 8
anchor_left = 0.5
anchor_top = 0.5
anchor_right = 0.5
anchor_bottom = 0.5
offset_left = -24.0
offset_top = -24.0
offset_right = 24.0
offset_bottom = 24.0
grow_horizontal = 2
grow_vertical = 2
texture = ExtResource("14_8u5hf")

[node name="PanelUnits" type="Panel" parent="VBoxEditor/TextureBoard/MarginBoard/PanelBoard/MarginBoard/VBoxEditor/MarginFile/VBoxFile"]
layout_mode = 2
size_flags_vertical = 3

[node name="ScrollUnits" type="ScrollContainer" parent="VBoxEditor/TextureBoard/MarginBoard/PanelBoard/MarginBoard/VBoxEditor/MarginFile/VBoxFile/PanelUnits"]
layout_mode = 1
anchors_preset = 15
anchor_right = 1.0
anchor_bottom = 1.0
grow_horizontal = 2
grow_vertical = 2
horizontal_scroll_mode = 0

[node name="FlowUnits" type="HFlowContainer" parent="VBoxEditor/TextureBoard/MarginBoard/PanelBoard/MarginBoard/VBoxEditor/MarginFile/VBoxFile/PanelUnits/ScrollUnits"]
layout_mode = 2
size_flags_horizontal = 3
size_flags_vertical = 3

[node name="MarginVocables" type="MarginContainer" parent="VBoxEditor/TextureBoard/MarginBoard/PanelBoard/MarginBoard/VBoxEditor"]
layout_mode = 2
size_flags_vertical = 3
theme_override_constants/margin_left = 8
theme_override_constants/margin_top = 8
theme_override_constants/margin_right = 8
theme_override_constants/margin_bottom = 8

[node name="VBoxVocables" type="VBoxContainer" parent="VBoxEditor/TextureBoard/MarginBoard/PanelBoard/MarginBoard/VBoxEditor/MarginVocables"]
layout_mode = 2

[node name="LabelVocables" type="Label" parent="VBoxEditor/TextureBoard/MarginBoard/PanelBoard/MarginBoard/VBoxEditor/MarginVocables/VBoxVocables"]
layout_mode = 2
size_flags_horizontal = 3
text = "Vocables"

[node name="TreeVocables" type="Tree" parent="VBoxEditor/TextureBoard/MarginBoard/PanelBoard/MarginBoard/VBoxEditor/MarginVocables/VBoxVocables"]
layout_mode = 2
size_flags_vertical = 3
theme_override_colors/font_color = Color(1, 1, 1, 1)
theme_override_colors/title_button_color = Color(1, 1, 1, 1)
theme_override_constants/draw_guides = 1
theme_override_styles/title_button_hover = ExtResource("15_ugwvc")
theme_override_styles/title_button_pressed = ExtResource("15_ugwvc")
theme_override_styles/title_button_normal = ExtResource("15_ugwvc")
columns = 2
column_titles_visible = true
allow_search = false
hide_folding = true
enable_recursive_folding = false
hide_root = true
scroll_horizontal_enabled = false

[node name="MarginBottom" type="MarginContainer" parent="VBoxEditor"]
custom_minimum_size = Vector2(0, 44)
layout_mode = 2
theme_override_constants/margin_left = 8
theme_override_constants/margin_top = 4
theme_override_constants/margin_right = 8
theme_override_constants/margin_bottom = 4

[node name="HBoxBottom" type="HBoxContainer" parent="VBoxEditor/MarginBottom"]
layout_mode = 2
size_flags_horizontal = 4
theme_override_constants/separation = 12

[node name="IconWarning" type="TextureRect" parent="VBoxEditor/MarginBottom/HBoxBottom"]
layout_mode = 2
size_flags_vertical = 4
texture = ExtResource("16_agad8")
stretch_mode = 2

[node name="LabelWarning" type="Label" parent="VBoxEditor/MarginBottom/HBoxBottom"]
layout_mode = 2
size_flags_horizontal = 8
theme_override_font_sizes/font_size = 26
text = "Load a file or create a first unit."

[node name="AnimationEditor" type="AnimationPlayer" parent="."]
libraries = {
"": SubResource("AnimationLibrary_r155j")
}

[node name="PopupUnitAdd" type="Popup" parent="."]
size = Vector2i(272, 138)

[node name="MarginUnitAdd" type="MarginContainer" parent="PopupUnitAdd"]
offset_right = 40.0
offset_bottom = 40.0
theme_override_constants/margin_left = 8
theme_override_constants/margin_top = 8
theme_override_constants/margin_right = 8
theme_override_constants/margin_bottom = 8

[node name="VBoxUnitAdd" type="VBoxContainer" parent="PopupUnitAdd/MarginUnitAdd"]
layout_mode = 2
theme_override_constants/separation = 8

[node name="LineUnit" type="LineEdit" parent="PopupUnitAdd/MarginUnitAdd/VBoxUnitAdd"]
layout_mode = 2
theme_override_colors/font_color = Color(1, 1, 1, 1)
max_length = 5
context_menu_enabled = false
shortcut_keys_enabled = false

[node name="ButtonUnitPopup" type="TextureButton" parent="PopupUnitAdd/MarginUnitAdd/VBoxUnitAdd"]
layout_mode = 2
disabled = true
texture_normal = ExtResource("20_ncrm0")
texture_pressed = ExtResource("21_nkbdy")
texture_hover = ExtResource("21_nkbdy")
texture_disabled = ExtResource("22_lq076")

[node name="LabelUnitPopup" type="Label" parent="PopupUnitAdd/MarginUnitAdd/VBoxUnitAdd/ButtonUnitPopup"]
modulate = Color(1, 1, 1, 0.501961)
layout_mode = 1
anchors_preset = 15
anchor_right = 1.0
anchor_bottom = 1.0
grow_horizontal = 2
grow_vertical = 2
text = "Add"
horizontal_alignment = 1
vertical_alignment = 1

[connection signal="ready" from="." to="." method="_on_ready"]
[connection signal="tree_exiting" from="." to="." method="_on_tree_exiting"]
[connection signal="pressed" from="VBoxEditor/MarginTop/ButtonClose" to="." method="_on_button_close_pressed"]
[connection signal="pressed" from="VBoxEditor/TextureBoard/MarginBoard/PanelBoard/MarginBoard/VBoxEditor/MarginFile/VBoxFile/HBoxFile/ButtonFileNew" to="." method="_on_button_file_new_pressed"]
[connection signal="pressed" from="VBoxEditor/TextureBoard/MarginBoard/PanelBoard/MarginBoard/VBoxEditor/MarginFile/VBoxFile/HBoxFile/ButtonFileOpen" to="." method="_on_button_file_open_pressed"]
[connection signal="pressed" from="VBoxEditor/TextureBoard/MarginBoard/PanelBoard/MarginBoard/VBoxEditor/MarginFile/VBoxFile/HBoxFile/ButtonFileSave" to="." method="_on_button_file_save_pressed"]
[connection signal="pressed" from="VBoxEditor/TextureBoard/MarginBoard/PanelBoard/MarginBoard/VBoxEditor/MarginFile/VBoxFile/HBoxUnits/ButtonUnitAdd" to="." method="_on_button_unit_add_pressed"]
[connection signal="pressed" from="VBoxEditor/TextureBoard/MarginBoard/PanelBoard/MarginBoard/VBoxEditor/MarginFile/VBoxFile/HBoxUnits/ButtonUnitRemove" to="." method="_on_button_unit_remove_pressed"]
[connection signal="item_edited" from="VBoxEditor/TextureBoard/MarginBoard/PanelBoard/MarginBoard/VBoxEditor/MarginVocables/VBoxVocables/TreeVocables" to="." method="_on_tree_vocables_item_edited"]
[connection signal="animation_finished" from="AnimationEditor" to="." method="_on_animation_editor_finished"]
[connection signal="popup_hide" from="PopupUnitAdd" to="." method="_on_popup_unit_add_hide"]
[connection signal="gui_input" from="PopupUnitAdd/MarginUnitAdd/VBoxUnitAdd/LineUnit" to="." method="_on_line_unit_gui_input"]
[connection signal="text_changed" from="PopupUnitAdd/MarginUnitAdd/VBoxUnitAdd/LineUnit" to="." method="_on_line_unit_text_changed"]
[connection signal="pressed" from="PopupUnitAdd/MarginUnitAdd/VBoxUnitAdd/ButtonUnitPopup" to="." method="_on_button_unit_popup_pressed"]
