[gd_scene load_steps=11 format=3 uid="uid://cyu58hj0qmtqx"]

[ext_resource type="Theme" uid="uid://dt8qj3crvursx" path="res://tres/theme.tres" id="1_tlf56"]
[ext_resource type="Script" path="res://scripts/game_local.gd" id="2_sskq8"]
[ext_resource type="StyleBox" uid="uid://dn3h3yy3c4uso" path="res://tres/style_label_main.tres" id="3_0mhi1"]
[ext_resource type="Texture2D" uid="uid://byaqvyc42w6yg" path="res://assets/ui/icon_menu_button.svg" id="4_ievl5"]
[ext_resource type="Texture2D" uid="uid://cq6ij4xex0lj" path="res://assets/textures/board.png" id="5_ml6h3"]

[sub_resource type="Animation" id="Animation_xxtm4"]
length = 0.001

[sub_resource type="Animation" id="Animation_efuf6"]
resource_name = "fade_in"
tracks/0/type = "value"
tracks/0/imported = false
tracks/0/enabled = true
tracks/0/path = NodePath("VBoxGame/MarginTop:modulate")
tracks/0/interp = 1
tracks/0/loop_wrap = true
tracks/0/keys = {
"times": PackedFloat32Array(0, 1),
"transitions": PackedFloat32Array(1, 1),
"update": 0,
"values": [Color(1, 1, 1, 0), Color(1, 1, 1, 1)]
}
tracks/1/type = "value"
tracks/1/imported = false
tracks/1/enabled = true
tracks/1/path = NodePath("VBoxGame/MarginBottom:modulate")
tracks/1/interp = 1
tracks/1/loop_wrap = true
tracks/1/keys = {
"times": PackedFloat32Array(0, 1),
"transitions": PackedFloat32Array(1, 1),
"update": 0,
"values": [Color(1, 1, 1, 0), Color(1, 1, 1, 1)]
}

[sub_resource type="Animation" id="Animation_d0pqk"]
resource_name = "fade_out"
tracks/0/type = "value"
tracks/0/imported = false
tracks/0/enabled = true
tracks/0/path = NodePath("VBoxGame/MarginTop:modulate")
tracks/0/interp = 1
tracks/0/loop_wrap = true
tracks/0/keys = {
"times": PackedFloat32Array(0, 1),
"transitions": PackedFloat32Array(1, 1),
"update": 0,
"values": [Color(1, 1, 1, 1), Color(1, 1, 1, 0)]
}
tracks/1/type = "value"
tracks/1/imported = false
tracks/1/enabled = true
tracks/1/path = NodePath("VBoxGame/TextureBoard/MarginBoard:modulate")
tracks/1/interp = 1
tracks/1/loop_wrap = true
tracks/1/keys = {
"times": PackedFloat32Array(0, 1),
"transitions": PackedFloat32Array(1, 1),
"update": 0,
"values": [Color(1, 1, 1, 1), Color(1, 1, 1, 0)]
}
tracks/2/type = "value"
tracks/2/imported = false
tracks/2/enabled = true
tracks/2/path = NodePath("VBoxGame/MarginBottom:modulate")
tracks/2/interp = 1
tracks/2/loop_wrap = true
tracks/2/keys = {
"times": PackedFloat32Array(0, 1),
"transitions": PackedFloat32Array(1, 1),
"update": 0,
"values": [Color(1, 1, 1, 1), Color(1, 1, 1, 0)]
}

[sub_resource type="Animation" id="Animation_wijb6"]
resource_name = "move"

[sub_resource type="AnimationLibrary" id="AnimationLibrary_r155j"]
_data = {
"RESET": SubResource("Animation_xxtm4"),
"fade_in": SubResource("Animation_efuf6"),
"fade_out": SubResource("Animation_d0pqk"),
"move": SubResource("Animation_wijb6")
}

[node name="GameLocal" type="Control"]
layout_mode = 3
anchors_preset = 15
anchor_right = 1.0
anchor_bottom = 1.0
grow_horizontal = 2
grow_vertical = 2
theme = ExtResource("1_tlf56")
script = ExtResource("2_sskq8")

[node name="VBoxGame" type="VBoxContainer" parent="."]
layout_mode = 0
offset_right = 1920.0
offset_bottom = 1080.0
theme_override_constants/separation = 0

[node name="MarginTop" type="MarginContainer" parent="VBoxGame"]
layout_mode = 2
theme_override_constants/margin_left = 8
theme_override_constants/margin_top = 8
theme_override_constants/margin_right = 8
theme_override_constants/margin_bottom = 8

[node name="CenterTop" type="CenterContainer" parent="VBoxGame/MarginTop"]
layout_mode = 2
size_flags_horizontal = 4
size_flags_vertical = 4

[node name="LabelMain" type="Label" parent="VBoxGame/MarginTop/CenterTop"]
layout_mode = 2
size_flags_horizontal = 3
size_flags_vertical = 1
theme_override_styles/normal = ExtResource("3_0mhi1")

[node name="ButtonMenu" type="MenuButton" parent="VBoxGame/MarginTop"]
layout_mode = 2
size_flags_horizontal = 8
icon = ExtResource("4_ievl5")
item_count = 6
popup/item_0/text = "New Game"
popup/item_1/id = 4
popup/item_1/separator = true
popup/item_2/text = "Settings"
popup/item_2/id = 1
popup/item_3/id = 5
popup/item_3/separator = true
popup/item_4/text = "Main Menu"
popup/item_4/id = 2
popup/item_5/text = "Quit"
popup/item_5/id = 3

[node name="TextureBoard" type="TextureRect" parent="VBoxGame"]
layout_mode = 2
size_flags_vertical = 3
texture = ExtResource("5_ml6h3")
expand_mode = 2
stretch_mode = 1

[node name="MarginBoard" type="MarginContainer" parent="VBoxGame/TextureBoard"]
layout_mode = 1
anchors_preset = 15
anchor_right = 1.0
anchor_bottom = 1.0
grow_horizontal = 2
grow_vertical = 2
theme_override_constants/margin_left = 16
theme_override_constants/margin_top = 16
theme_override_constants/margin_right = 16
theme_override_constants/margin_bottom = 16

[node name="GridBoard" type="GridContainer" parent="VBoxGame/TextureBoard/MarginBoard"]
layout_mode = 2
theme_override_constants/h_separation = 16
theme_override_constants/v_separation = 16
columns = 4

[node name="MarginBottom" type="MarginContainer" parent="VBoxGame"]
layout_mode = 2
theme_override_constants/margin_left = 8
theme_override_constants/margin_top = 8
theme_override_constants/margin_right = 8
theme_override_constants/margin_bottom = 8

[node name="VBoxBottom" type="VBoxContainer" parent="VBoxGame/MarginBottom"]
layout_mode = 2
theme_override_constants/separation = 8

[node name="HBoxPlayers" type="HBoxContainer" parent="VBoxGame/MarginBottom/VBoxBottom"]
visible = false
layout_mode = 2
theme_override_constants/separation = 16

[node name="ColorPlayer1" type="ColorRect" parent="VBoxGame/MarginBottom/VBoxBottom/HBoxPlayers"]
custom_minimum_size = Vector2(464, 48)
layout_mode = 2
size_flags_horizontal = 3
color = Color(0, 0, 0.5, 1)

[node name="MarginPlayer1" type="MarginContainer" parent="VBoxGame/MarginBottom/VBoxBottom/HBoxPlayers/ColorPlayer1"]
layout_mode = 1
anchors_preset = 15
anchor_right = 1.0
anchor_bottom = 1.0
grow_horizontal = 2
grow_vertical = 2
theme_override_constants/margin_left = 8
theme_override_constants/margin_right = 8

[node name="HBoxPlayer1" type="HBoxContainer" parent="VBoxGame/MarginBottom/VBoxBottom/HBoxPlayers/ColorPlayer1/MarginPlayer1"]
layout_mode = 2

[node name="LabelPlayer1" type="Label" parent="VBoxGame/MarginBottom/VBoxBottom/HBoxPlayers/ColorPlayer1/MarginPlayer1/HBoxPlayer1"]
auto_translate_mode = 2
layout_mode = 2
size_flags_horizontal = 3
text_overrun_behavior = 3

[node name="LabelScore1" type="Label" parent="VBoxGame/MarginBottom/VBoxBottom/HBoxPlayers/ColorPlayer1/MarginPlayer1/HBoxPlayer1"]
auto_translate_mode = 2
layout_mode = 2
text = "0"
horizontal_alignment = 2

[node name="ColorPlayer2" type="ColorRect" parent="VBoxGame/MarginBottom/VBoxBottom/HBoxPlayers"]
custom_minimum_size = Vector2(464, 48)
layout_mode = 2
size_flags_horizontal = 3
color = Color(0.5, 0, 0, 1)

[node name="MarginPlayer2" type="MarginContainer" parent="VBoxGame/MarginBottom/VBoxBottom/HBoxPlayers/ColorPlayer2"]
layout_mode = 1
anchors_preset = 15
anchor_right = 1.0
anchor_bottom = 1.0
grow_horizontal = 2
grow_vertical = 2
theme_override_constants/margin_left = 8
theme_override_constants/margin_right = 8

[node name="HBoxPlayer2" type="HBoxContainer" parent="VBoxGame/MarginBottom/VBoxBottom/HBoxPlayers/ColorPlayer2/MarginPlayer2"]
layout_mode = 2

[node name="LabelPlayer2" type="Label" parent="VBoxGame/MarginBottom/VBoxBottom/HBoxPlayers/ColorPlayer2/MarginPlayer2/HBoxPlayer2"]
auto_translate_mode = 2
layout_mode = 2
size_flags_horizontal = 3
text_overrun_behavior = 3

[node name="LabelScore2" type="Label" parent="VBoxGame/MarginBottom/VBoxBottom/HBoxPlayers/ColorPlayer2/MarginPlayer2/HBoxPlayer2"]
auto_translate_mode = 2
layout_mode = 2
text = "0"
horizontal_alignment = 2

[node name="ColorPlayer3" type="ColorRect" parent="VBoxGame/MarginBottom/VBoxBottom/HBoxPlayers"]
visible = false
custom_minimum_size = Vector2(464, 48)
layout_mode = 2
size_flags_horizontal = 3
color = Color(0, 0.5, 0, 1)

[node name="MarginPlayer3" type="MarginContainer" parent="VBoxGame/MarginBottom/VBoxBottom/HBoxPlayers/ColorPlayer3"]
layout_mode = 1
anchors_preset = 15
anchor_right = 1.0
anchor_bottom = 1.0
grow_horizontal = 2
grow_vertical = 2
theme_override_constants/margin_left = 8
theme_override_constants/margin_right = 8

[node name="HBoxPlayer3" type="HBoxContainer" parent="VBoxGame/MarginBottom/VBoxBottom/HBoxPlayers/ColorPlayer3/MarginPlayer3"]
layout_mode = 2

[node name="LabelPlayer3" type="Label" parent="VBoxGame/MarginBottom/VBoxBottom/HBoxPlayers/ColorPlayer3/MarginPlayer3/HBoxPlayer3"]
auto_translate_mode = 2
layout_mode = 2
size_flags_horizontal = 3
text_overrun_behavior = 3

[node name="LabelScore3" type="Label" parent="VBoxGame/MarginBottom/VBoxBottom/HBoxPlayers/ColorPlayer3/MarginPlayer3/HBoxPlayer3"]
auto_translate_mode = 2
layout_mode = 2
text = "0"
horizontal_alignment = 2

[node name="ColorPlayer4" type="ColorRect" parent="VBoxGame/MarginBottom/VBoxBottom/HBoxPlayers"]
visible = false
custom_minimum_size = Vector2(464, 48)
layout_mode = 2
size_flags_horizontal = 3
color = Color(0.5, 0.5, 0, 1)

[node name="MarginPlayer4" type="MarginContainer" parent="VBoxGame/MarginBottom/VBoxBottom/HBoxPlayers/ColorPlayer4"]
layout_mode = 1
anchors_preset = 15
anchor_right = 1.0
anchor_bottom = 1.0
grow_horizontal = 2
grow_vertical = 2
theme_override_constants/margin_left = 8
theme_override_constants/margin_right = 8

[node name="HBoxPlayer4" type="HBoxContainer" parent="VBoxGame/MarginBottom/VBoxBottom/HBoxPlayers/ColorPlayer4/MarginPlayer4"]
layout_mode = 2

[node name="LabelPlayer4" type="Label" parent="VBoxGame/MarginBottom/VBoxBottom/HBoxPlayers/ColorPlayer4/MarginPlayer4/HBoxPlayer4"]
auto_translate_mode = 2
layout_mode = 2
size_flags_horizontal = 3
text_overrun_behavior = 3

[node name="LabelScore4" type="Label" parent="VBoxGame/MarginBottom/VBoxBottom/HBoxPlayers/ColorPlayer4/MarginPlayer4/HBoxPlayer4"]
auto_translate_mode = 2
layout_mode = 2
text = "0"
horizontal_alignment = 2

[node name="HBoxStatistics" type="HBoxContainer" parent="VBoxGame/MarginBottom/VBoxBottom"]
layout_mode = 2
theme_override_constants/separation = 64

[node name="HBoxPairs" type="HBoxContainer" parent="VBoxGame/MarginBottom/VBoxBottom/HBoxStatistics"]
layout_mode = 2
size_flags_horizontal = 3

[node name="LabelPairsText" type="Label" parent="VBoxGame/MarginBottom/VBoxBottom/HBoxStatistics/HBoxPairs"]
layout_mode = 2
theme_override_font_sizes/font_size = 20
text = "Pairs found:"

[node name="LabelPairs" type="Label" parent="VBoxGame/MarginBottom/VBoxBottom/HBoxStatistics/HBoxPairs"]
auto_translate_mode = 2
layout_mode = 2
theme_override_font_sizes/font_size = 20
text = "0 / 6"

[node name="HBoxTries" type="HBoxContainer" parent="VBoxGame/MarginBottom/VBoxBottom/HBoxStatistics"]
layout_mode = 2
size_flags_horizontal = 10

[node name="LabelTriesText" type="Label" parent="VBoxGame/MarginBottom/VBoxBottom/HBoxStatistics/HBoxTries"]
layout_mode = 2
theme_override_font_sizes/font_size = 20
text = "Tries:"

[node name="LabelTries" type="Label" parent="VBoxGame/MarginBottom/VBoxBottom/HBoxStatistics/HBoxTries"]
auto_translate_mode = 2
layout_mode = 2
theme_override_font_sizes/font_size = 20
text = "0"
visible_characters = 2
visible_ratio = 2.0

[node name="AnimationGame" type="AnimationPlayer" parent="."]
libraries = {
"": SubResource("AnimationLibrary_r155j")
}

[node name="AudioPlayer" type="AudioStreamPlayer" parent="."]
bus = &"Sounds"

[node name="PopupSettings" type="Popup" parent="."]
mode = 3
size = Vector2i(1920, 1080)

[node name="TimerCountdown" type="Timer" parent="."]

[connection signal="ready" from="." to="." method="_on_ready"]
[connection signal="tree_exiting" from="." to="." method="_on_tree_exiting"]
[connection signal="animation_finished" from="AnimationGame" to="." method="_on_game_animation_finished"]
[connection signal="timeout" from="TimerCountdown" to="." method="_on_timer_countdown_timeout"]
