[gd_scene load_steps=16 format=3 uid="uid://yec2au7sxc07"]

[ext_resource type="Theme" uid="uid://dt8qj3crvursx" path="res://tres/theme.tres" id="1_r2meb"]
[ext_resource type="Script" path="res://scripts/high_score.gd" id="2_bglqf"]
[ext_resource type="Texture2D" uid="uid://ufhs3skdo8mp" path="res://assets/ui/button_square_black.svg" id="3_wo1hq"]
[ext_resource type="Texture2D" uid="uid://c0r7ndjto3ub5" path="res://assets/ui/button_square_black_hovered.svg" id="4_n2xp3"]
[ext_resource type="Texture2D" uid="uid://2bg2dh22n8da" path="res://assets/ui/button_square_red.svg" id="4_u53at"]
[ext_resource type="Texture2D" uid="uid://nyqrqpcbjb4p" path="res://assets/ui/icon_delete.svg" id="5_f0c41"]
[ext_resource type="Texture2D" uid="uid://dwohxswtkyt4c" path="res://assets/ui/button_square_red_hovered.svg" id="5_lt1t4"]
[ext_resource type="Texture2D" uid="uid://gcbti87vcg6r" path="res://assets/ui/icon_close.svg" id="6_b0ywn"]
[ext_resource type="Texture2D" uid="uid://cq6ij4xex0lj" path="res://assets/textures/board.png" id="7_lis6y"]
[ext_resource type="Texture2D" uid="uid://dgtoevt8qhxyl" path="res://assets/textures/podium.svg" id="8_lvnmy"]
[ext_resource type="StyleBox" uid="uid://bn8dutotenq1v" path="res://tres/style_tree_title.tres" id="11_erm0n"]

[sub_resource type="Animation" id="Animation_pxwgn"]
length = 0.001

[sub_resource type="Animation" id="Animation_cdqdw"]
resource_name = "fade_in"
tracks/0/type = "value"
tracks/0/imported = false
tracks/0/enabled = true
tracks/0/path = NodePath("VBoxHighScore/MarginTop:modulate")
tracks/0/interp = 1
tracks/0/loop_wrap = true
tracks/0/keys = {
"times": PackedFloat32Array(0, 1),
"transitions": PackedFloat32Array(1, 1),
"update": 0,
"values": [Color(1, 1, 1, 0), Color(1, 1, 1, 1)]
}
tracks/1/type = "value"
tracks/1/imported = false
tracks/1/enabled = true
tracks/1/path = NodePath("VBoxHighScore/TextureBoard/MarginBoard:modulate")
tracks/1/interp = 1
tracks/1/loop_wrap = true
tracks/1/keys = {
"times": PackedFloat32Array(0, 1),
"transitions": PackedFloat32Array(1, 1),
"update": 0,
"values": [Color(1, 1, 1, 0), Color(1, 1, 1, 1)]
}

[sub_resource type="Animation" id="Animation_vvy6u"]
resource_name = "fade_out"
tracks/0/type = "value"
tracks/0/imported = false
tracks/0/enabled = true
tracks/0/path = NodePath("VBoxHighScore/MarginTop:modulate")
tracks/0/interp = 1
tracks/0/loop_wrap = true
tracks/0/keys = {
"times": PackedFloat32Array(0, 1),
"transitions": PackedFloat32Array(1, 1),
"update": 0,
"values": [Color(1, 1, 1, 1), Color(1, 1, 1, 0)]
}
tracks/1/type = "value"
tracks/1/imported = false
tracks/1/enabled = true
tracks/1/path = NodePath("VBoxHighScore/TextureBoard/MarginBoard:modulate")
tracks/1/interp = 1
tracks/1/loop_wrap = true
tracks/1/keys = {
"times": PackedFloat32Array(0, 1),
"transitions": PackedFloat32Array(1, 1),
"update": 0,
"values": [Color(1, 1, 1, 1), Color(1, 1, 1, 0)]
}

[sub_resource type="AnimationLibrary" id="AnimationLibrary_r155j"]
_data = {
"RESET": SubResource("Animation_pxwgn"),
"fade_in": SubResource("Animation_cdqdw"),
"fade_out": SubResource("Animation_vvy6u")
}

[node name="HighScore" type="Control"]
layout_mode = 3
anchors_preset = 15
anchor_right = 1.0
anchor_bottom = 1.0
grow_horizontal = 2
grow_vertical = 2
theme = ExtResource("1_r2meb")
script = ExtResource("2_bglqf")

[node name="VBoxHighScore" type="VBoxContainer" parent="."]
layout_mode = 0
offset_right = 1920.0
offset_bottom = 1080.0
theme_override_constants/separation = 0

[node name="MarginTop" type="MarginContainer" parent="VBoxHighScore"]
custom_minimum_size = Vector2(0, 64)
layout_mode = 2
theme_override_constants/margin_left = 8
theme_override_constants/margin_top = 8
theme_override_constants/margin_right = 8
theme_override_constants/margin_bottom = 8

[node name="ButtonDelete" type="TextureButton" parent="VBoxHighScore/MarginTop"]
custom_minimum_size = Vector2(48, 48)
layout_mode = 2
size_flags_horizontal = 0
tooltip_text = "Delete High Score"
texture_normal = ExtResource("3_wo1hq")
texture_pressed = ExtResource("4_n2xp3")
texture_hover = ExtResource("4_n2xp3")
ignore_texture_size = true
stretch_mode = 0

[node name="IconDelete" type="TextureRect" parent="VBoxHighScore/MarginTop/ButtonDelete"]
layout_mode = 1
anchors_preset = 8
anchor_left = 0.5
anchor_top = 0.5
anchor_right = 0.5
anchor_bottom = 0.5
offset_left = -16.0
offset_top = -16.0
offset_right = 16.0
offset_bottom = 16.0
grow_horizontal = 2
grow_vertical = 2
texture = ExtResource("5_f0c41")
expand_mode = 1

[node name="CenterTop" type="CenterContainer" parent="VBoxHighScore/MarginTop"]
layout_mode = 2
size_flags_horizontal = 4
size_flags_vertical = 4

[node name="LabelMain" type="Label" parent="VBoxHighScore/MarginTop/CenterTop"]
layout_mode = 2
size_flags_horizontal = 3
size_flags_vertical = 1
text = "High Score"
uppercase = true

[node name="ButtonClose" type="TextureButton" parent="VBoxHighScore/MarginTop"]
custom_minimum_size = Vector2(48, 48)
layout_mode = 2
size_flags_horizontal = 8
texture_normal = ExtResource("4_u53at")
texture_pressed = ExtResource("5_lt1t4")
texture_hover = ExtResource("5_lt1t4")
ignore_texture_size = true
stretch_mode = 0

[node name="IconClose" type="TextureRect" parent="VBoxHighScore/MarginTop/ButtonClose"]
layout_mode = 1
anchors_preset = 15
anchor_right = 1.0
anchor_bottom = 1.0
grow_horizontal = 2
grow_vertical = 2
texture = ExtResource("6_b0ywn")
expand_mode = 1

[node name="TextureBoard" type="TextureRect" parent="VBoxHighScore"]
layout_mode = 2
size_flags_vertical = 3
texture = ExtResource("7_lis6y")
expand_mode = 2
stretch_mode = 1

[node name="MarginBoard" type="MarginContainer" parent="VBoxHighScore/TextureBoard"]
layout_mode = 1
anchors_preset = 15
anchor_right = 1.0
anchor_bottom = 1.0
grow_horizontal = 2
grow_vertical = 2
theme_override_constants/margin_left = 64
theme_override_constants/margin_top = 32
theme_override_constants/margin_right = 64
theme_override_constants/margin_bottom = 32

[node name="VBoxBoard" type="VBoxContainer" parent="VBoxHighScore/TextureBoard/MarginBoard"]
layout_mode = 2
theme_override_constants/separation = 32

[node name="HBoxPodium" type="HBoxContainer" parent="VBoxHighScore/TextureBoard/MarginBoard/VBoxBoard"]
layout_mode = 2
theme_override_constants/separation = 12

[node name="LabelPlace2" type="Label" parent="VBoxHighScore/TextureBoard/MarginBoard/VBoxBoard/HBoxPodium"]
layout_mode = 2
size_flags_horizontal = 3
theme_override_colors/font_color = Color(0, 0, 0, 1)
theme_override_font_sizes/font_size = 50
horizontal_alignment = 2
text_overrun_behavior = 3

[node name="TexturePodium" type="TextureRect" parent="VBoxHighScore/TextureBoard/MarginBoard/VBoxBoard/HBoxPodium"]
layout_mode = 2
size_flags_horizontal = 6
texture = ExtResource("8_lvnmy")
stretch_mode = 3

[node name="MarginPlace1" type="MarginContainer" parent="VBoxHighScore/TextureBoard/MarginBoard/VBoxBoard/HBoxPodium/TexturePodium"]
layout_mode = 1
anchors_preset = 10
anchor_right = 1.0
offset_bottom = 77.0
grow_horizontal = 2
theme_override_constants/margin_top = 40

[node name="LabelPlace1" type="Label" parent="VBoxHighScore/TextureBoard/MarginBoard/VBoxBoard/HBoxPodium/TexturePodium/MarginPlace1"]
layout_mode = 2
theme_override_colors/font_color = Color(0, 0, 0, 1)
theme_override_font_sizes/font_size = 50
horizontal_alignment = 1
text_overrun_behavior = 3

[node name="LabelPlace3" type="Label" parent="VBoxHighScore/TextureBoard/MarginBoard/VBoxBoard/HBoxPodium"]
layout_mode = 2
size_flags_horizontal = 3
theme_override_colors/font_color = Color(0, 0, 0, 1)
theme_override_font_sizes/font_size = 50
text_overrun_behavior = 3

[node name="TreeScore" type="Tree" parent="VBoxHighScore/TextureBoard/MarginBoard/VBoxBoard"]
auto_translate_mode = 2
clip_contents = false
custom_minimum_size = Vector2(960, 0)
layout_mode = 2
size_flags_horizontal = 4
size_flags_vertical = 3
theme_override_colors/font_color = Color(1, 1, 1, 1)
theme_override_colors/title_button_color = Color(1, 1, 1, 1)
theme_override_constants/draw_guides = 0
theme_override_styles/title_button_hover = ExtResource("11_erm0n")
theme_override_styles/title_button_pressed = ExtResource("11_erm0n")
theme_override_styles/title_button_normal = ExtResource("11_erm0n")
columns = 3
column_titles_visible = true
allow_search = false
hide_folding = true
enable_recursive_folding = false
hide_root = true
select_mode = 1
scroll_horizontal_enabled = false

[node name="LabelEmpty" type="Label" parent="VBoxHighScore/TextureBoard/MarginBoard/VBoxBoard"]
visible = false
layout_mode = 2
theme_override_colors/font_color = Color(0, 0, 0, 1)
theme_override_font_sizes/font_size = 50
text = "The high score is empty."
horizontal_alignment = 1

[node name="MarginBottom" type="MarginContainer" parent="VBoxHighScore"]
custom_minimum_size = Vector2(0, 44)
layout_mode = 2
theme_override_constants/margin_left = 8
theme_override_constants/margin_top = 4
theme_override_constants/margin_right = 8
theme_override_constants/margin_bottom = 4

[node name="AnimationHighScore" type="AnimationPlayer" parent="."]
libraries = {
"": SubResource("AnimationLibrary_r155j")
}

[connection signal="ready" from="." to="." method="_on_ready"]
[connection signal="tree_exiting" from="." to="." method="_on_tree_exiting"]
[connection signal="pressed" from="VBoxHighScore/MarginTop/ButtonDelete" to="." method="_on_button_delete_pressed"]
[connection signal="pressed" from="VBoxHighScore/MarginTop/ButtonClose" to="." method="_on_button_close_pressed"]
[connection signal="animation_finished" from="AnimationHighScore" to="." method="_on_high_score_animation_finished"]
