[gd_scene load_steps=52 format=3 uid="uid://cwlvbhiu146uw"]

[ext_resource type="Theme" uid="uid://dt8qj3crvursx" path="res://tres/theme.tres" id="1_k7j5y"]
[ext_resource type="Script" path="res://scripts/setup_online.gd" id="2_8lg14"]
[ext_resource type="Texture2D" uid="uid://2bg2dh22n8da" path="res://assets/ui/button_square_red.svg" id="3_3infx"]
[ext_resource type="Texture2D" uid="uid://dwohxswtkyt4c" path="res://assets/ui/button_square_red_hovered.svg" id="4_2hgp4"]
[ext_resource type="Texture2D" uid="uid://gcbti87vcg6r" path="res://assets/ui/icon_close.svg" id="5_mkful"]
[ext_resource type="Texture2D" uid="uid://cq6ij4xex0lj" path="res://assets/textures/board.png" id="6_qf1jb"]
[ext_resource type="Texture2D" uid="uid://ufhs3skdo8mp" path="res://assets/ui/button_square_black.svg" id="7_de3g0"]
[ext_resource type="Texture2D" uid="uid://c0r7ndjto3ub5" path="res://assets/ui/button_square_black_hovered.svg" id="8_5ijf3"]
[ext_resource type="Texture2D" uid="uid://tca76rot3338" path="res://assets/ui/icon_document_open.svg" id="9_cdnpw"]
[ext_resource type="Texture2D" uid="uid://c082vf5aq6xkv" path="res://assets/ui/button_square_black_disabled.svg" id="9_nkhub"]
[ext_resource type="Texture2D" uid="uid://dhord05ejbjij" path="res://assets/ui/icon_button_checked.svg" id="10_ov3x7"]
[ext_resource type="Texture2D" uid="uid://dcie8d2q4ngi6" path="res://assets/ui/icon_button_unchecked.svg" id="11_51ymx"]
[ext_resource type="Texture2D" uid="uid://kje6pgcsc2d4" path="res://assets/ui/icon_button_toggled.svg" id="11_yb35r"]
[ext_resource type="Texture2D" uid="uid://2tx0ey5o38lj" path="res://assets/ui/icon_button_untoggled.svg" id="12_5nhfe"]
[ext_resource type="Texture2D" uid="uid://cononlgfs3swh" path="res://assets/ui/icon_button_checked_disabled.svg" id="12_747gt"]
[ext_resource type="Texture2D" uid="uid://bxvdhu8qr3lks" path="res://assets/ui/icon_button_toggled_disabled.svg" id="13_3o1fn"]
[ext_resource type="Texture2D" uid="uid://dg0j1d6agkob2" path="res://assets/ui/icon_button_unchecked_disabled.svg" id="13_n55w1"]
[ext_resource type="StyleBox" uid="uid://ddnon5hj5dt62" path="res://tres/color_dark_blue.tres" id="14_76u6f"]
[ext_resource type="Texture2D" uid="uid://b4vrgb24khxd5" path="res://assets/ui/icon_button_untoggled_disabled.svg" id="14_j238h"]
[ext_resource type="StyleBox" uid="uid://dmlnosmb61n8f" path="res://tres/color_dark_red.tres" id="15_emjde"]
[ext_resource type="StyleBox" uid="uid://d4k24nc41pncx" path="res://tres/color_dark_green.tres" id="16_fumal"]
[ext_resource type="StyleBox" uid="uid://yebphmwpa73a" path="res://tres/color_orange.tres" id="17_ji211"]
[ext_resource type="ButtonGroup" uid="uid://bgdi7tddsg16g" path="res://tres/button_group_cards.tres" id="18_u6k5r"]
[ext_resource type="Texture2D" uid="uid://crtf5mlebt6f1" path="res://assets/ui/button_small_black.svg" id="19_6pg21"]
[ext_resource type="ButtonGroup" uid="uid://bdxou2lca1thx" path="res://tres/button_group_timer.tres" id="19_517ia"]
[ext_resource type="Texture2D" uid="uid://cd4j87tf4a13k" path="res://assets/ui/button_medium_black.svg" id="19_j6xbr"]
[ext_resource type="Texture2D" uid="uid://cp3jngqgmpvof" path="res://assets/ui/button_medium_black_hovered.svg" id="20_2j7ut"]
[ext_resource type="Texture2D" uid="uid://v52vwohs068g" path="res://assets/ui/button_small_black_pressed.svg" id="20_7atfm"]
[ext_resource type="Texture2D" uid="uid://c7wwrwk48qon5" path="res://assets/ui/button_medium_black_pressed.svg" id="20_31iax"]
[ext_resource type="Texture2D" uid="uid://1mvlw62hplxe" path="res://assets/ui/button_small_black_hovered.svg" id="21_72gy4"]
[ext_resource type="Texture2D" uid="uid://cdo8stj6548n2" path="res://assets/ui/button_medium_black_disabled.svg" id="22_5fgc0"]
[ext_resource type="Texture2D" uid="uid://dnr5ow6v62irm" path="res://assets/ui/button_medium_green.svg" id="22_yrjyp"]
[ext_resource type="Texture2D" uid="uid://sljenedejgu5" path="res://assets/ui/button_medium_green_hovered.svg" id="23_6bpip"]
[ext_resource type="Texture2D" uid="uid://c3ng53dvogvi1" path="res://assets/ui/button_medium_green_disabled.svg" id="24_0v6i8"]
[ext_resource type="Texture2D" uid="uid://bwjrrgqy68ll4" path="res://assets/ui/icon_warning.svg" id="25_wdv52"]
[ext_resource type="StyleBox" uid="uid://cyk7d6p8s27hk" path="res://tres/color_yellow.tres" id="26_8ij64"]
[ext_resource type="ButtonGroup" uid="uid://ysiq7m1hwyss" path="res://tres/button_group_colors.tres" id="27_juhkx"]
[ext_resource type="Texture2D" uid="uid://xx7e0sbag74y" path="res://assets/ui/button_small_black_disabled.svg" id="27_vg47p"]
[ext_resource type="StyleBox" uid="uid://h7kn3m0tu2kw" path="res://tres/color_red.tres" id="28_gv02a"]
[ext_resource type="StyleBox" uid="uid://c0qmsjufx3bwh" path="res://tres/color_pink.tres" id="29_boajo"]
[ext_resource type="StyleBox" uid="uid://458m1jwjnhm4" path="res://tres/color_cyan.tres" id="30_xvmbi"]
[ext_resource type="StyleBox" uid="uid://dcpv1vtgepwb7" path="res://tres/color_blue.tres" id="31_3k8qk"]
[ext_resource type="StyleBox" uid="uid://c5txyj2wesels" path="res://tres/color_purple.tres" id="32_rf8ns"]
[ext_resource type="StyleBox" uid="uid://bc835mf25s43v" path="res://tres/color_gray.tres" id="33_7c1ny"]
[ext_resource type="StyleBox" uid="uid://cce403dr5e3xu" path="res://tres/color_green.tres" id="34_740yp"]

[sub_resource type="StyleBoxEmpty" id="StyleBoxEmpty_kkd1j"]

[sub_resource type="StyleBoxEmpty" id="StyleBoxEmpty_eyn5y"]

[sub_resource type="Animation" id="Animation_m71cp"]
length = 0.001

[sub_resource type="Animation" id="Animation_efuf6"]
resource_name = "fade_in"
tracks/0/type = "value"
tracks/0/imported = false
tracks/0/enabled = true
tracks/0/path = NodePath("VBoxSetup/MarginTop:modulate")
tracks/0/interp = 1
tracks/0/loop_wrap = true
tracks/0/keys = {
"times": PackedFloat32Array(0, 1),
"transitions": PackedFloat32Array(1, 1),
"update": 0,
"values": [Color(1, 1, 1, 0), Color(1, 1, 1, 1)]
}
tracks/1/type = "value"
tracks/1/imported = false
tracks/1/enabled = true
tracks/1/path = NodePath("VBoxSetup/TextureBoard/MarginBoard:modulate")
tracks/1/interp = 1
tracks/1/loop_wrap = true
tracks/1/keys = {
"times": PackedFloat32Array(0, 1),
"transitions": PackedFloat32Array(1, 1),
"update": 0,
"values": [Color(1, 1, 1, 0), Color(1, 1, 1, 1)]
}
tracks/2/type = "value"
tracks/2/imported = false
tracks/2/enabled = true
tracks/2/path = NodePath("VBoxSetup/MarginBottom:modulate")
tracks/2/interp = 1
tracks/2/loop_wrap = true
tracks/2/keys = {
"times": PackedFloat32Array(0, 1),
"transitions": PackedFloat32Array(1, 1),
"update": 0,
"values": [Color(1, 1, 1, 0), Color(1, 1, 1, 1)]
}

[sub_resource type="Animation" id="Animation_7utgj"]
resource_name = "fade_out"
tracks/0/type = "value"
tracks/0/imported = false
tracks/0/enabled = true
tracks/0/path = NodePath("VBoxSetup/MarginTop:modulate")
tracks/0/interp = 1
tracks/0/loop_wrap = true
tracks/0/keys = {
"times": PackedFloat32Array(0, 1),
"transitions": PackedFloat32Array(1, 1),
"update": 0,
"values": [Color(1, 1, 1, 1), Color(1, 1, 1, 0)]
}
tracks/1/type = "value"
tracks/1/imported = false
tracks/1/enabled = true
tracks/1/path = NodePath("VBoxSetup/TextureBoard/MarginBoard:modulate")
tracks/1/interp = 1
tracks/1/loop_wrap = true
tracks/1/keys = {
"times": PackedFloat32Array(0, 1),
"transitions": PackedFloat32Array(1, 1),
"update": 0,
"values": [Color(1, 1, 1, 1), Color(1, 1, 1, 0)]
}
tracks/2/type = "value"
tracks/2/imported = false
tracks/2/enabled = true
tracks/2/path = NodePath("VBoxSetup/MarginBottom:modulate")
tracks/2/interp = 1
tracks/2/loop_wrap = true
tracks/2/keys = {
"times": PackedFloat32Array(0, 1),
"transitions": PackedFloat32Array(1, 1),
"update": 0,
"values": [Color(1, 1, 1, 1), Color(1, 1, 1, 0)]
}

[sub_resource type="AnimationLibrary" id="AnimationLibrary_r155j"]
_data = {
"RESET": SubResource("Animation_m71cp"),
"fade_in": SubResource("Animation_efuf6"),
"fade_out": SubResource("Animation_7utgj")
}

[node name="SetupOnline" type="Control"]
layout_mode = 3
anchors_preset = 15
anchor_right = 1.0
anchor_bottom = 1.0
grow_horizontal = 2
grow_vertical = 2
theme = ExtResource("1_k7j5y")
script = ExtResource("2_8lg14")

[node name="VBoxSetup" type="VBoxContainer" parent="."]
layout_mode = 0
offset_right = 1920.0
offset_bottom = 1080.0
theme_override_constants/separation = 0

[node name="MarginTop" type="MarginContainer" parent="VBoxSetup"]
custom_minimum_size = Vector2(0, 64)
layout_mode = 2
theme_override_constants/margin_left = 8
theme_override_constants/margin_top = 8
theme_override_constants/margin_right = 8
theme_override_constants/margin_bottom = 8

[node name="ButtonApply" type="TextureButton" parent="VBoxSetup/MarginTop"]
visible = false
custom_minimum_size = Vector2(256, 48)
layout_mode = 2
size_flags_horizontal = 0
size_flags_vertical = 8
disabled = true
texture_normal = ExtResource("22_yrjyp")
texture_pressed = ExtResource("23_6bpip")
texture_hover = ExtResource("23_6bpip")
texture_disabled = ExtResource("24_0v6i8")
ignore_texture_size = true
stretch_mode = 0

[node name="LabelApply" type="Label" parent="VBoxSetup/MarginTop/ButtonApply"]
modulate = Color(1, 1, 1, 0.5)
layout_mode = 1
anchors_preset = 15
anchor_right = 1.0
anchor_bottom = 1.0
grow_horizontal = 2
grow_vertical = 2
text = "Start Game"
horizontal_alignment = 1
vertical_alignment = 1
uppercase = true

[node name="CenterTop" type="CenterContainer" parent="VBoxSetup/MarginTop"]
layout_mode = 2
size_flags_horizontal = 4
size_flags_vertical = 4

[node name="LabelMain" type="Label" parent="VBoxSetup/MarginTop/CenterTop"]
layout_mode = 2
size_flags_horizontal = 3
size_flags_vertical = 1
text = "Setup Online Game"
uppercase = true

[node name="ButtonClose" type="TextureButton" parent="VBoxSetup/MarginTop"]
custom_minimum_size = Vector2(48, 48)
layout_mode = 2
size_flags_horizontal = 8
texture_normal = ExtResource("3_3infx")
texture_pressed = ExtResource("4_2hgp4")
texture_hover = ExtResource("4_2hgp4")
ignore_texture_size = true
stretch_mode = 0

[node name="IconClose" type="TextureRect" parent="VBoxSetup/MarginTop/ButtonClose"]
layout_mode = 1
anchors_preset = 15
anchor_right = 1.0
anchor_bottom = 1.0
grow_horizontal = 2
grow_vertical = 2
texture = ExtResource("5_mkful")
expand_mode = 1

[node name="TextureBoard" type="TextureRect" parent="VBoxSetup"]
layout_mode = 2
size_flags_vertical = 3
texture = ExtResource("6_qf1jb")
expand_mode = 2
stretch_mode = 1

[node name="MarginBoard" type="MarginContainer" parent="VBoxSetup/TextureBoard"]
layout_mode = 1
anchors_preset = 15
anchor_right = 1.0
anchor_bottom = 1.0
grow_horizontal = 2
grow_vertical = 2
theme_override_constants/margin_left = 64
theme_override_constants/margin_top = 32
theme_override_constants/margin_right = 64
theme_override_constants/margin_bottom = 32

[node name="HBoxBoard" type="HBoxContainer" parent="VBoxSetup/TextureBoard/MarginBoard"]
layout_mode = 2
theme_override_constants/separation = 120

[node name="PanelFile" type="Panel" parent="VBoxSetup/TextureBoard/MarginBoard/HBoxBoard"]
layout_mode = 2
size_flags_horizontal = 3

[node name="MarginFile" type="MarginContainer" parent="VBoxSetup/TextureBoard/MarginBoard/HBoxBoard/PanelFile"]
layout_mode = 1
anchors_preset = 15
anchor_right = 1.0
anchor_bottom = 1.0
grow_horizontal = 2
grow_vertical = 2
theme_override_constants/margin_left = 32
theme_override_constants/margin_top = 32
theme_override_constants/margin_right = 32
theme_override_constants/margin_bottom = 32

[node name="VBoxFile" type="VBoxContainer" parent="VBoxSetup/TextureBoard/MarginBoard/HBoxBoard/PanelFile/MarginFile"]
layout_mode = 2
theme_override_constants/separation = 16

[node name="HBoxFile" type="HBoxContainer" parent="VBoxSetup/TextureBoard/MarginBoard/HBoxBoard/PanelFile/MarginFile/VBoxFile"]
modulate = Color(1, 1, 1, 0.5)
layout_mode = 2
theme_override_constants/separation = 16

[node name="ButtonOpen" type="TextureButton" parent="VBoxSetup/TextureBoard/MarginBoard/HBoxBoard/PanelFile/MarginFile/VBoxFile/HBoxFile"]
layout_mode = 2
tooltip_text = "Open File"
disabled = true
texture_normal = ExtResource("7_de3g0")
texture_pressed = ExtResource("8_5ijf3")
texture_hover = ExtResource("8_5ijf3")
texture_disabled = ExtResource("9_nkhub")

[node name="IconOpen" type="TextureRect" parent="VBoxSetup/TextureBoard/MarginBoard/HBoxBoard/PanelFile/MarginFile/VBoxFile/HBoxFile/ButtonOpen"]
layout_mode = 1
anchors_preset = 8
anchor_left = 0.5
anchor_top = 0.5
anchor_right = 0.5
anchor_bottom = 0.5
offset_left = -24.0
offset_top = -24.0
offset_right = 24.0
offset_bottom = 24.0
grow_horizontal = 2
grow_vertical = 2
texture = ExtResource("9_cdnpw")

[node name="LabelFile" type="Label" parent="VBoxSetup/TextureBoard/MarginBoard/HBoxBoard/PanelFile/MarginFile/VBoxFile/HBoxFile"]
layout_mode = 2
size_flags_horizontal = 3
text = "No File Loaded"
horizontal_alignment = 2
clip_text = true
text_overrun_behavior = 3

[node name="PanelUnits" type="Panel" parent="VBoxSetup/TextureBoard/MarginBoard/HBoxBoard/PanelFile/MarginFile/VBoxFile"]
layout_mode = 2
size_flags_vertical = 3

[node name="MarginUnits" type="MarginContainer" parent="VBoxSetup/TextureBoard/MarginBoard/HBoxBoard/PanelFile/MarginFile/VBoxFile/PanelUnits"]
layout_mode = 1
anchors_preset = 15
anchor_right = 1.0
anchor_bottom = 1.0
grow_horizontal = 2
grow_vertical = 2
theme_override_constants/margin_left = 16
theme_override_constants/margin_top = 16
theme_override_constants/margin_right = 16
theme_override_constants/margin_bottom = 16

[node name="ScrollUnits" type="ScrollContainer" parent="VBoxSetup/TextureBoard/MarginBoard/HBoxBoard/PanelFile/MarginFile/VBoxFile/PanelUnits/MarginUnits"]
layout_mode = 2
size_flags_vertical = 3
horizontal_scroll_mode = 0

[node name="FlowUnits" type="HFlowContainer" parent="VBoxSetup/TextureBoard/MarginBoard/HBoxBoard/PanelFile/MarginFile/VBoxFile/PanelUnits/MarginUnits/ScrollUnits"]
auto_translate_mode = 2
layout_mode = 2
size_flags_horizontal = 3
size_flags_vertical = 3
theme_override_constants/h_separation = 16
theme_override_constants/v_separation = 16

[node name="Separator1" type="HSeparator" parent="VBoxSetup/TextureBoard/MarginBoard/HBoxBoard/PanelFile/MarginFile/VBoxFile"]
layout_mode = 2
theme_override_constants/separation = 16
theme_override_styles/separator = SubResource("StyleBoxEmpty_kkd1j")

[node name="VBoxCards" type="VBoxContainer" parent="VBoxSetup/TextureBoard/MarginBoard/HBoxBoard/PanelFile/MarginFile/VBoxFile"]
modulate = Color(1, 1, 1, 0.5)
layout_mode = 2
theme_override_constants/separation = 8
alignment = 2

[node name="LabelCards" type="Label" parent="VBoxSetup/TextureBoard/MarginBoard/HBoxBoard/PanelFile/MarginFile/VBoxFile/VBoxCards"]
layout_mode = 2
text = "Number of Cards:"

[node name="HBoxCards" type="HBoxContainer" parent="VBoxSetup/TextureBoard/MarginBoard/HBoxBoard/PanelFile/MarginFile/VBoxFile/VBoxCards"]
layout_mode = 2

[node name="Button12" type="TextureButton" parent="VBoxSetup/TextureBoard/MarginBoard/HBoxBoard/PanelFile/MarginFile/VBoxFile/VBoxCards/HBoxCards"]
layout_mode = 2
disabled = true
toggle_mode = true
button_group = ExtResource("18_u6k5r")
texture_normal = ExtResource("19_6pg21")
texture_pressed = ExtResource("20_7atfm")
texture_hover = ExtResource("21_72gy4")
texture_disabled = ExtResource("27_vg47p")

[node name="Label12" type="Label" parent="VBoxSetup/TextureBoard/MarginBoard/HBoxBoard/PanelFile/MarginFile/VBoxFile/VBoxCards/HBoxCards/Button12"]
layout_mode = 1
anchors_preset = 15
anchor_right = 1.0
anchor_bottom = 1.0
grow_horizontal = 2
grow_vertical = 2
text = "12"
horizontal_alignment = 1
vertical_alignment = 1

[node name="Button16" type="TextureButton" parent="VBoxSetup/TextureBoard/MarginBoard/HBoxBoard/PanelFile/MarginFile/VBoxFile/VBoxCards/HBoxCards"]
layout_mode = 2
disabled = true
toggle_mode = true
button_group = ExtResource("18_u6k5r")
texture_normal = ExtResource("19_6pg21")
texture_pressed = ExtResource("20_7atfm")
texture_hover = ExtResource("21_72gy4")
texture_disabled = ExtResource("27_vg47p")

[node name="Label16" type="Label" parent="VBoxSetup/TextureBoard/MarginBoard/HBoxBoard/PanelFile/MarginFile/VBoxFile/VBoxCards/HBoxCards/Button16"]
layout_mode = 1
anchors_preset = 15
anchor_right = 1.0
anchor_bottom = 1.0
grow_horizontal = 2
grow_vertical = 2
text = "16"
horizontal_alignment = 1
vertical_alignment = 1

[node name="Button20" type="TextureButton" parent="VBoxSetup/TextureBoard/MarginBoard/HBoxBoard/PanelFile/MarginFile/VBoxFile/VBoxCards/HBoxCards"]
layout_mode = 2
disabled = true
toggle_mode = true
button_group = ExtResource("18_u6k5r")
texture_normal = ExtResource("19_6pg21")
texture_pressed = ExtResource("20_7atfm")
texture_hover = ExtResource("21_72gy4")
texture_disabled = ExtResource("27_vg47p")

[node name="Label20" type="Label" parent="VBoxSetup/TextureBoard/MarginBoard/HBoxBoard/PanelFile/MarginFile/VBoxFile/VBoxCards/HBoxCards/Button20"]
layout_mode = 1
anchors_preset = 15
anchor_right = 1.0
anchor_bottom = 1.0
grow_horizontal = 2
grow_vertical = 2
text = "20"
horizontal_alignment = 1
vertical_alignment = 1

[node name="Button24" type="TextureButton" parent="VBoxSetup/TextureBoard/MarginBoard/HBoxBoard/PanelFile/MarginFile/VBoxFile/VBoxCards/HBoxCards"]
layout_mode = 2
disabled = true
toggle_mode = true
button_group = ExtResource("18_u6k5r")
texture_normal = ExtResource("19_6pg21")
texture_pressed = ExtResource("20_7atfm")
texture_hover = ExtResource("21_72gy4")
texture_disabled = ExtResource("27_vg47p")

[node name="Label24" type="Label" parent="VBoxSetup/TextureBoard/MarginBoard/HBoxBoard/PanelFile/MarginFile/VBoxFile/VBoxCards/HBoxCards/Button24"]
layout_mode = 1
anchors_preset = 15
anchor_right = 1.0
anchor_bottom = 1.0
grow_horizontal = 2
grow_vertical = 2
text = "24"
horizontal_alignment = 1
vertical_alignment = 1

[node name="Separator2" type="HSeparator" parent="VBoxSetup/TextureBoard/MarginBoard/HBoxBoard/PanelFile/MarginFile/VBoxFile"]
layout_mode = 2
theme_override_constants/separation = 16
theme_override_styles/separator = SubResource("StyleBoxEmpty_kkd1j")

[node name="VBoxTimer" type="VBoxContainer" parent="VBoxSetup/TextureBoard/MarginBoard/HBoxBoard/PanelFile/MarginFile/VBoxFile"]
modulate = Color(1, 1, 1, 0.5)
layout_mode = 2
theme_override_constants/separation = 8
alignment = 2

[node name="LabelTimer" type="Label" parent="VBoxSetup/TextureBoard/MarginBoard/HBoxBoard/PanelFile/MarginFile/VBoxFile/VBoxTimer"]
layout_mode = 2
text = "Timer Duration:"

[node name="HBoxTimer" type="HBoxContainer" parent="VBoxSetup/TextureBoard/MarginBoard/HBoxBoard/PanelFile/MarginFile/VBoxFile/VBoxTimer"]
layout_mode = 2

[node name="ButtonTimerShort" type="TextureButton" parent="VBoxSetup/TextureBoard/MarginBoard/HBoxBoard/PanelFile/MarginFile/VBoxFile/VBoxTimer/HBoxTimer"]
layout_mode = 2
disabled = true
toggle_mode = true
button_group = ExtResource("19_517ia")
texture_normal = ExtResource("19_j6xbr")
texture_pressed = ExtResource("20_31iax")
texture_hover = ExtResource("20_2j7ut")
texture_disabled = ExtResource("22_5fgc0")

[node name="LabelTimerShort" type="Label" parent="VBoxSetup/TextureBoard/MarginBoard/HBoxBoard/PanelFile/MarginFile/VBoxFile/VBoxTimer/HBoxTimer/ButtonTimerShort"]
layout_mode = 1
anchors_preset = 15
anchor_right = 1.0
anchor_bottom = 1.0
grow_horizontal = 2
grow_vertical = 2
text = "short"
horizontal_alignment = 1
vertical_alignment = 1

[node name="ButtonTimerNormal" type="TextureButton" parent="VBoxSetup/TextureBoard/MarginBoard/HBoxBoard/PanelFile/MarginFile/VBoxFile/VBoxTimer/HBoxTimer"]
layout_mode = 2
disabled = true
toggle_mode = true
button_group = ExtResource("19_517ia")
texture_normal = ExtResource("19_j6xbr")
texture_pressed = ExtResource("20_31iax")
texture_hover = ExtResource("20_2j7ut")
texture_disabled = ExtResource("22_5fgc0")

[node name="LabelTimerNormal" type="Label" parent="VBoxSetup/TextureBoard/MarginBoard/HBoxBoard/PanelFile/MarginFile/VBoxFile/VBoxTimer/HBoxTimer/ButtonTimerNormal"]
layout_mode = 1
anchors_preset = 15
anchor_right = 1.0
anchor_bottom = 1.0
grow_horizontal = 2
grow_vertical = 2
text = "normal"
horizontal_alignment = 1
vertical_alignment = 1

[node name="ButtonTimerLong" type="TextureButton" parent="VBoxSetup/TextureBoard/MarginBoard/HBoxBoard/PanelFile/MarginFile/VBoxFile/VBoxTimer/HBoxTimer"]
layout_mode = 2
disabled = true
toggle_mode = true
button_group = ExtResource("19_517ia")
texture_normal = ExtResource("19_j6xbr")
texture_pressed = ExtResource("20_31iax")
texture_hover = ExtResource("20_2j7ut")
texture_disabled = ExtResource("22_5fgc0")

[node name="LabelTimerLong" type="Label" parent="VBoxSetup/TextureBoard/MarginBoard/HBoxBoard/PanelFile/MarginFile/VBoxFile/VBoxTimer/HBoxTimer/ButtonTimerLong"]
layout_mode = 1
anchors_preset = 15
anchor_right = 1.0
anchor_bottom = 1.0
grow_horizontal = 2
grow_vertical = 2
text = "long"
horizontal_alignment = 1
vertical_alignment = 1

[node name="PanelPlayers" type="Panel" parent="VBoxSetup/TextureBoard/MarginBoard/HBoxBoard"]
layout_mode = 2
size_flags_horizontal = 3

[node name="MarginPlayers" type="MarginContainer" parent="VBoxSetup/TextureBoard/MarginBoard/HBoxBoard/PanelPlayers"]
layout_mode = 1
anchors_preset = 15
anchor_right = 1.0
anchor_bottom = 1.0
grow_horizontal = 2
grow_vertical = 2
theme_override_constants/margin_left = 32
theme_override_constants/margin_top = 32
theme_override_constants/margin_right = 32
theme_override_constants/margin_bottom = 32

[node name="VBoxPlayers" type="VBoxContainer" parent="VBoxSetup/TextureBoard/MarginBoard/HBoxBoard/PanelPlayers/MarginPlayers"]
layout_mode = 2
theme_override_constants/separation = 32

[node name="PanelPlayer1" type="Panel" parent="VBoxSetup/TextureBoard/MarginBoard/HBoxBoard/PanelPlayers/MarginPlayers/VBoxPlayers"]
layout_mode = 2
size_flags_vertical = 3

[node name="MarginPlayer1" type="MarginContainer" parent="VBoxSetup/TextureBoard/MarginBoard/HBoxBoard/PanelPlayers/MarginPlayers/VBoxPlayers/PanelPlayer1"]
layout_mode = 1
anchors_preset = 15
anchor_right = 1.0
anchor_bottom = 1.0
grow_horizontal = 2
grow_vertical = 2
theme_override_constants/margin_left = 16
theme_override_constants/margin_top = 16
theme_override_constants/margin_right = 16
theme_override_constants/margin_bottom = 16

[node name="VBoxPlayer1" type="VBoxContainer" parent="VBoxSetup/TextureBoard/MarginBoard/HBoxBoard/PanelPlayers/MarginPlayers/VBoxPlayers/PanelPlayer1/MarginPlayer1"]
layout_mode = 2
theme_override_constants/separation = 16

[node name="HBoxReady1" type="HBoxContainer" parent="VBoxSetup/TextureBoard/MarginBoard/HBoxBoard/PanelPlayers/MarginPlayers/VBoxPlayers/PanelPlayer1/MarginPlayer1/VBoxPlayer1"]
layout_mode = 2

[node name="CheckPlayer1" type="CheckButton" parent="VBoxSetup/TextureBoard/MarginBoard/HBoxBoard/PanelPlayers/MarginPlayers/VBoxPlayers/PanelPlayer1/MarginPlayer1/VBoxPlayer1/HBoxReady1"]
layout_mode = 2
mouse_filter = 2
theme_override_constants/h_separation = 16
theme_override_icons/checked = ExtResource("11_yb35r")
theme_override_icons/unchecked = ExtResource("12_5nhfe")
theme_override_icons/checked_disabled = ExtResource("13_3o1fn")
theme_override_icons/unchecked_disabled = ExtResource("14_j238h")
disabled = true
text = "PLAYER 1"

[node name="ReadyPlayer1" type="CheckBox" parent="VBoxSetup/TextureBoard/MarginBoard/HBoxBoard/PanelPlayers/MarginPlayers/VBoxPlayers/PanelPlayer1/MarginPlayer1/VBoxPlayer1/HBoxReady1"]
layout_mode = 2
size_flags_horizontal = 10
theme_override_constants/h_separation = 12
theme_override_styles/focus = SubResource("StyleBoxEmpty_eyn5y")
theme_override_icons/checked = ExtResource("10_ov3x7")
theme_override_icons/unchecked = ExtResource("11_51ymx")
theme_override_icons/checked_disabled = ExtResource("12_747gt")
theme_override_icons/unchecked_disabled = ExtResource("13_n55w1")
disabled = true
text = "Ready"

[node name="HBoxPlayer1" type="HBoxContainer" parent="VBoxSetup/TextureBoard/MarginBoard/HBoxBoard/PanelPlayers/MarginPlayers/VBoxPlayers/PanelPlayer1/MarginPlayer1/VBoxPlayer1"]
layout_mode = 2
theme_override_constants/separation = 16

[node name="LabelPlayer1" type="Label" parent="VBoxSetup/TextureBoard/MarginBoard/HBoxBoard/PanelPlayers/MarginPlayers/VBoxPlayers/PanelPlayer1/MarginPlayer1/VBoxPlayer1/HBoxPlayer1"]
modulate = Color(1, 1, 1, 0.5)
layout_mode = 2
text = "Name:"

[node name="LinePlayer1" type="LineEdit" parent="VBoxSetup/TextureBoard/MarginBoard/HBoxBoard/PanelPlayers/MarginPlayers/VBoxPlayers/PanelPlayer1/MarginPlayer1/VBoxPlayer1/HBoxPlayer1"]
modulate = Color(1, 1, 1, 0.5)
layout_mode = 2
size_flags_horizontal = 3
theme_override_colors/font_color = Color(1, 1, 1, 1)
max_length = 20
editable = false
context_menu_enabled = false

[node name="ColorPlayer1" type="Button" parent="VBoxSetup/TextureBoard/MarginBoard/HBoxBoard/PanelPlayers/MarginPlayers/VBoxPlayers/PanelPlayer1/MarginPlayer1/VBoxPlayer1/HBoxPlayer1"]
custom_minimum_size = Vector2(50, 50)
layout_mode = 2
mouse_filter = 2
theme_override_styles/hover = ExtResource("14_76u6f")
theme_override_styles/pressed = ExtResource("14_76u6f")
theme_override_styles/normal = ExtResource("14_76u6f")
disabled = true

[node name="PanelPlayer2" type="Panel" parent="VBoxSetup/TextureBoard/MarginBoard/HBoxBoard/PanelPlayers/MarginPlayers/VBoxPlayers"]
layout_mode = 2
size_flags_vertical = 3

[node name="MarginPlayer2" type="MarginContainer" parent="VBoxSetup/TextureBoard/MarginBoard/HBoxBoard/PanelPlayers/MarginPlayers/VBoxPlayers/PanelPlayer2"]
layout_mode = 1
anchors_preset = 15
anchor_right = 1.0
anchor_bottom = 1.0
grow_horizontal = 2
grow_vertical = 2
theme_override_constants/margin_left = 16
theme_override_constants/margin_top = 16
theme_override_constants/margin_right = 16
theme_override_constants/margin_bottom = 16

[node name="VBoxPlayer2" type="VBoxContainer" parent="VBoxSetup/TextureBoard/MarginBoard/HBoxBoard/PanelPlayers/MarginPlayers/VBoxPlayers/PanelPlayer2/MarginPlayer2"]
layout_mode = 2
theme_override_constants/separation = 16

[node name="HBoxReady2" type="HBoxContainer" parent="VBoxSetup/TextureBoard/MarginBoard/HBoxBoard/PanelPlayers/MarginPlayers/VBoxPlayers/PanelPlayer2/MarginPlayer2/VBoxPlayer2"]
layout_mode = 2

[node name="CheckPlayer2" type="CheckButton" parent="VBoxSetup/TextureBoard/MarginBoard/HBoxBoard/PanelPlayers/MarginPlayers/VBoxPlayers/PanelPlayer2/MarginPlayer2/VBoxPlayer2/HBoxReady2"]
layout_mode = 2
mouse_filter = 2
theme_override_constants/h_separation = 16
theme_override_icons/checked = ExtResource("11_yb35r")
theme_override_icons/unchecked = ExtResource("12_5nhfe")
theme_override_icons/checked_disabled = ExtResource("13_3o1fn")
theme_override_icons/unchecked_disabled = ExtResource("14_j238h")
disabled = true
text = "PLAYER 2"

[node name="ReadyPlayer2" type="CheckBox" parent="VBoxSetup/TextureBoard/MarginBoard/HBoxBoard/PanelPlayers/MarginPlayers/VBoxPlayers/PanelPlayer2/MarginPlayer2/VBoxPlayer2/HBoxReady2"]
layout_mode = 2
size_flags_horizontal = 10
theme_override_constants/h_separation = 12
theme_override_styles/focus = SubResource("StyleBoxEmpty_eyn5y")
theme_override_icons/checked = ExtResource("10_ov3x7")
theme_override_icons/unchecked = ExtResource("11_51ymx")
theme_override_icons/checked_disabled = ExtResource("12_747gt")
theme_override_icons/unchecked_disabled = ExtResource("13_n55w1")
disabled = true
text = "Ready"

[node name="HBoxPlayer2" type="HBoxContainer" parent="VBoxSetup/TextureBoard/MarginBoard/HBoxBoard/PanelPlayers/MarginPlayers/VBoxPlayers/PanelPlayer2/MarginPlayer2/VBoxPlayer2"]
layout_mode = 2
theme_override_constants/separation = 16

[node name="LabelPlayer2" type="Label" parent="VBoxSetup/TextureBoard/MarginBoard/HBoxBoard/PanelPlayers/MarginPlayers/VBoxPlayers/PanelPlayer2/MarginPlayer2/VBoxPlayer2/HBoxPlayer2"]
modulate = Color(1, 1, 1, 0.5)
layout_mode = 2
text = "Name:"

[node name="LinePlayer2" type="LineEdit" parent="VBoxSetup/TextureBoard/MarginBoard/HBoxBoard/PanelPlayers/MarginPlayers/VBoxPlayers/PanelPlayer2/MarginPlayer2/VBoxPlayer2/HBoxPlayer2"]
modulate = Color(1, 1, 1, 0.5)
layout_mode = 2
size_flags_horizontal = 3
theme_override_colors/font_color = Color(1, 1, 1, 1)
max_length = 20
editable = false
context_menu_enabled = false

[node name="ColorPlayer2" type="Button" parent="VBoxSetup/TextureBoard/MarginBoard/HBoxBoard/PanelPlayers/MarginPlayers/VBoxPlayers/PanelPlayer2/MarginPlayer2/VBoxPlayer2/HBoxPlayer2"]
custom_minimum_size = Vector2(50, 50)
layout_mode = 2
mouse_filter = 2
theme_override_styles/hover = ExtResource("15_emjde")
theme_override_styles/pressed = ExtResource("15_emjde")
theme_override_styles/normal = ExtResource("15_emjde")
disabled = true

[node name="PanelPlayer3" type="Panel" parent="VBoxSetup/TextureBoard/MarginBoard/HBoxBoard/PanelPlayers/MarginPlayers/VBoxPlayers"]
layout_mode = 2
size_flags_vertical = 3

[node name="MarginPlayer3" type="MarginContainer" parent="VBoxSetup/TextureBoard/MarginBoard/HBoxBoard/PanelPlayers/MarginPlayers/VBoxPlayers/PanelPlayer3"]
layout_mode = 1
anchors_preset = 15
anchor_right = 1.0
anchor_bottom = 1.0
grow_horizontal = 2
grow_vertical = 2
theme_override_constants/margin_left = 16
theme_override_constants/margin_top = 16
theme_override_constants/margin_right = 16
theme_override_constants/margin_bottom = 16

[node name="VBoxPlayer3" type="VBoxContainer" parent="VBoxSetup/TextureBoard/MarginBoard/HBoxBoard/PanelPlayers/MarginPlayers/VBoxPlayers/PanelPlayer3/MarginPlayer3"]
layout_mode = 2
theme_override_constants/separation = 16

[node name="HBoxReady3" type="HBoxContainer" parent="VBoxSetup/TextureBoard/MarginBoard/HBoxBoard/PanelPlayers/MarginPlayers/VBoxPlayers/PanelPlayer3/MarginPlayer3/VBoxPlayer3"]
layout_mode = 2

[node name="CheckPlayer3" type="CheckButton" parent="VBoxSetup/TextureBoard/MarginBoard/HBoxBoard/PanelPlayers/MarginPlayers/VBoxPlayers/PanelPlayer3/MarginPlayer3/VBoxPlayer3/HBoxReady3"]
layout_mode = 2
mouse_filter = 2
theme_override_constants/h_separation = 16
theme_override_icons/checked = ExtResource("11_yb35r")
theme_override_icons/unchecked = ExtResource("12_5nhfe")
theme_override_icons/checked_disabled = ExtResource("13_3o1fn")
theme_override_icons/unchecked_disabled = ExtResource("14_j238h")
disabled = true
text = "PLAYER 3"

[node name="ReadyPlayer3" type="CheckBox" parent="VBoxSetup/TextureBoard/MarginBoard/HBoxBoard/PanelPlayers/MarginPlayers/VBoxPlayers/PanelPlayer3/MarginPlayer3/VBoxPlayer3/HBoxReady3"]
layout_mode = 2
size_flags_horizontal = 10
theme_override_constants/h_separation = 12
theme_override_styles/focus = SubResource("StyleBoxEmpty_eyn5y")
theme_override_icons/checked = ExtResource("10_ov3x7")
theme_override_icons/unchecked = ExtResource("11_51ymx")
theme_override_icons/checked_disabled = ExtResource("12_747gt")
theme_override_icons/unchecked_disabled = ExtResource("13_n55w1")
disabled = true
text = "Ready"

[node name="HBoxPlayer3" type="HBoxContainer" parent="VBoxSetup/TextureBoard/MarginBoard/HBoxBoard/PanelPlayers/MarginPlayers/VBoxPlayers/PanelPlayer3/MarginPlayer3/VBoxPlayer3"]
layout_mode = 2
theme_override_constants/separation = 16

[node name="LabelPlayer3" type="Label" parent="VBoxSetup/TextureBoard/MarginBoard/HBoxBoard/PanelPlayers/MarginPlayers/VBoxPlayers/PanelPlayer3/MarginPlayer3/VBoxPlayer3/HBoxPlayer3"]
modulate = Color(1, 1, 1, 0.5)
layout_mode = 2
text = "Name:"

[node name="LinePlayer3" type="LineEdit" parent="VBoxSetup/TextureBoard/MarginBoard/HBoxBoard/PanelPlayers/MarginPlayers/VBoxPlayers/PanelPlayer3/MarginPlayer3/VBoxPlayer3/HBoxPlayer3"]
modulate = Color(1, 1, 1, 0.5)
layout_mode = 2
size_flags_horizontal = 3
theme_override_colors/font_color = Color(1, 1, 1, 1)
max_length = 20
editable = false
context_menu_enabled = false

[node name="ColorPlayer3" type="Button" parent="VBoxSetup/TextureBoard/MarginBoard/HBoxBoard/PanelPlayers/MarginPlayers/VBoxPlayers/PanelPlayer3/MarginPlayer3/VBoxPlayer3/HBoxPlayer3"]
custom_minimum_size = Vector2(50, 50)
layout_mode = 2
mouse_filter = 2
theme_override_styles/hover = ExtResource("16_fumal")
theme_override_styles/pressed = ExtResource("16_fumal")
theme_override_styles/normal = ExtResource("16_fumal")
disabled = true

[node name="PanelPlayer4" type="Panel" parent="VBoxSetup/TextureBoard/MarginBoard/HBoxBoard/PanelPlayers/MarginPlayers/VBoxPlayers"]
layout_mode = 2
size_flags_vertical = 3

[node name="MarginPlayer4" type="MarginContainer" parent="VBoxSetup/TextureBoard/MarginBoard/HBoxBoard/PanelPlayers/MarginPlayers/VBoxPlayers/PanelPlayer4"]
layout_mode = 1
anchors_preset = 15
anchor_right = 1.0
anchor_bottom = 1.0
grow_horizontal = 2
grow_vertical = 2
theme_override_constants/margin_left = 16
theme_override_constants/margin_top = 16
theme_override_constants/margin_right = 16
theme_override_constants/margin_bottom = 16

[node name="VBoxPlayer4" type="VBoxContainer" parent="VBoxSetup/TextureBoard/MarginBoard/HBoxBoard/PanelPlayers/MarginPlayers/VBoxPlayers/PanelPlayer4/MarginPlayer4"]
layout_mode = 2
theme_override_constants/separation = 16

[node name="HBoxReady4" type="HBoxContainer" parent="VBoxSetup/TextureBoard/MarginBoard/HBoxBoard/PanelPlayers/MarginPlayers/VBoxPlayers/PanelPlayer4/MarginPlayer4/VBoxPlayer4"]
layout_mode = 2

[node name="CheckPlayer4" type="CheckButton" parent="VBoxSetup/TextureBoard/MarginBoard/HBoxBoard/PanelPlayers/MarginPlayers/VBoxPlayers/PanelPlayer4/MarginPlayer4/VBoxPlayer4/HBoxReady4"]
layout_mode = 2
mouse_filter = 2
theme_override_constants/h_separation = 16
theme_override_icons/checked = ExtResource("11_yb35r")
theme_override_icons/unchecked = ExtResource("12_5nhfe")
theme_override_icons/checked_disabled = ExtResource("13_3o1fn")
theme_override_icons/unchecked_disabled = ExtResource("14_j238h")
disabled = true
text = "PLAYER 4"

[node name="ReadyPlayer4" type="CheckBox" parent="VBoxSetup/TextureBoard/MarginBoard/HBoxBoard/PanelPlayers/MarginPlayers/VBoxPlayers/PanelPlayer4/MarginPlayer4/VBoxPlayer4/HBoxReady4"]
layout_mode = 2
size_flags_horizontal = 10
theme_override_constants/h_separation = 12
theme_override_styles/focus = SubResource("StyleBoxEmpty_eyn5y")
theme_override_icons/checked = ExtResource("10_ov3x7")
theme_override_icons/unchecked = ExtResource("11_51ymx")
theme_override_icons/checked_disabled = ExtResource("12_747gt")
theme_override_icons/unchecked_disabled = ExtResource("13_n55w1")
disabled = true
text = "Ready"

[node name="HBoxPlayer4" type="HBoxContainer" parent="VBoxSetup/TextureBoard/MarginBoard/HBoxBoard/PanelPlayers/MarginPlayers/VBoxPlayers/PanelPlayer4/MarginPlayer4/VBoxPlayer4"]
layout_mode = 2
theme_override_constants/separation = 16

[node name="LabelPlayer4" type="Label" parent="VBoxSetup/TextureBoard/MarginBoard/HBoxBoard/PanelPlayers/MarginPlayers/VBoxPlayers/PanelPlayer4/MarginPlayer4/VBoxPlayer4/HBoxPlayer4"]
modulate = Color(1, 1, 1, 0.5)
layout_mode = 2
text = "Name:"

[node name="LinePlayer4" type="LineEdit" parent="VBoxSetup/TextureBoard/MarginBoard/HBoxBoard/PanelPlayers/MarginPlayers/VBoxPlayers/PanelPlayer4/MarginPlayer4/VBoxPlayer4/HBoxPlayer4"]
modulate = Color(1, 1, 1, 0.5)
layout_mode = 2
size_flags_horizontal = 3
theme_override_colors/font_color = Color(1, 1, 1, 1)
max_length = 20
editable = false
context_menu_enabled = false

[node name="ColorPlayer4" type="Button" parent="VBoxSetup/TextureBoard/MarginBoard/HBoxBoard/PanelPlayers/MarginPlayers/VBoxPlayers/PanelPlayer4/MarginPlayer4/VBoxPlayer4/HBoxPlayer4"]
custom_minimum_size = Vector2(50, 50)
layout_mode = 2
mouse_filter = 2
theme_override_styles/hover = ExtResource("17_ji211")
theme_override_styles/pressed = ExtResource("17_ji211")
theme_override_styles/normal = ExtResource("17_ji211")
disabled = true

[node name="MarginBottom" type="MarginContainer" parent="VBoxSetup"]
layout_mode = 2
theme_override_constants/margin_left = 8
theme_override_constants/margin_top = 4
theme_override_constants/margin_right = 8
theme_override_constants/margin_bottom = 4

[node name="HBoxBottom" type="HBoxContainer" parent="VBoxSetup/MarginBottom"]
layout_mode = 2
size_flags_horizontal = 4
theme_override_constants/separation = 12

[node name="IconWarning" type="TextureRect" parent="VBoxSetup/MarginBottom/HBoxBottom"]
layout_mode = 2
size_flags_vertical = 4
texture = ExtResource("25_wdv52")
stretch_mode = 2

[node name="LabelNetwork" type="Label" parent="VBoxSetup/MarginBottom/HBoxBottom"]
layout_mode = 2
size_flags_horizontal = 8
theme_override_font_sizes/font_size = 26

[node name="PopupColors" type="Popup" parent="."]
size = Vector2i(220, 166)

[node name="PanelColors" type="PanelContainer" parent="PopupColors"]
offset_right = 40.0
offset_bottom = 40.0

[node name="MarginColors" type="MarginContainer" parent="PopupColors/PanelColors"]
layout_mode = 2
theme_override_constants/margin_left = 4
theme_override_constants/margin_top = 4
theme_override_constants/margin_right = 4
theme_override_constants/margin_bottom = 4

[node name="GridColors" type="GridContainer" parent="PopupColors/PanelColors/MarginColors"]
layout_mode = 2
columns = 4

[node name="Color1" type="Button" parent="PopupColors/PanelColors/MarginColors/GridColors"]
custom_minimum_size = Vector2(50, 50)
layout_mode = 2
theme_override_colors/font_pressed_color = Color(0, 0, 0, 1)
theme_override_colors/font_color = Color(0, 0, 0, 1)
theme_override_styles/hover = ExtResource("26_8ij64")
theme_override_styles/pressed = ExtResource("26_8ij64")
theme_override_styles/normal = ExtResource("26_8ij64")
toggle_mode = true
button_group = ExtResource("27_juhkx")

[node name="Color2" type="Button" parent="PopupColors/PanelColors/MarginColors/GridColors"]
custom_minimum_size = Vector2(50, 50)
layout_mode = 2
theme_override_colors/font_pressed_color = Color(0, 0, 0, 1)
theme_override_colors/font_color = Color(0, 0, 0, 1)
theme_override_styles/hover = ExtResource("17_ji211")
theme_override_styles/pressed = ExtResource("17_ji211")
theme_override_styles/normal = ExtResource("17_ji211")
toggle_mode = true
button_group = ExtResource("27_juhkx")

[node name="Color3" type="Button" parent="PopupColors/PanelColors/MarginColors/GridColors"]
custom_minimum_size = Vector2(50, 50)
layout_mode = 2
theme_override_colors/font_pressed_color = Color(1, 1, 1, 1)
theme_override_colors/font_color = Color(1, 1, 1, 1)
theme_override_styles/hover = ExtResource("28_gv02a")
theme_override_styles/pressed = ExtResource("28_gv02a")
theme_override_styles/normal = ExtResource("28_gv02a")
toggle_mode = true
button_group = ExtResource("27_juhkx")

[node name="Color4" type="Button" parent="PopupColors/PanelColors/MarginColors/GridColors"]
custom_minimum_size = Vector2(50, 50)
layout_mode = 2
theme_override_colors/font_pressed_color = Color(1, 1, 1, 1)
theme_override_colors/font_color = Color(1, 1, 1, 1)
theme_override_styles/hover = ExtResource("15_emjde")
theme_override_styles/pressed = ExtResource("15_emjde")
theme_override_styles/normal = ExtResource("15_emjde")
toggle_mode = true
button_group = ExtResource("27_juhkx")

[node name="Color5" type="Button" parent="PopupColors/PanelColors/MarginColors/GridColors"]
custom_minimum_size = Vector2(50, 50)
layout_mode = 2
theme_override_colors/font_pressed_color = Color(0, 0, 0, 1)
theme_override_colors/font_color = Color(0, 0, 0, 1)
theme_override_styles/hover = ExtResource("29_boajo")
theme_override_styles/pressed = ExtResource("29_boajo")
theme_override_styles/normal = ExtResource("29_boajo")
toggle_mode = true
button_group = ExtResource("27_juhkx")

[node name="Color6" type="Button" parent="PopupColors/PanelColors/MarginColors/GridColors"]
custom_minimum_size = Vector2(50, 50)
layout_mode = 2
theme_override_colors/font_pressed_color = Color(0, 0, 0, 1)
theme_override_colors/font_color = Color(0, 0, 0, 1)
theme_override_styles/hover = ExtResource("30_xvmbi")
theme_override_styles/pressed = ExtResource("30_xvmbi")
theme_override_styles/normal = ExtResource("30_xvmbi")
toggle_mode = true
button_group = ExtResource("27_juhkx")

[node name="Color7" type="Button" parent="PopupColors/PanelColors/MarginColors/GridColors"]
custom_minimum_size = Vector2(50, 50)
layout_mode = 2
theme_override_colors/font_pressed_color = Color(1, 1, 1, 1)
theme_override_colors/font_color = Color(1, 1, 1, 1)
theme_override_styles/hover = ExtResource("31_3k8qk")
theme_override_styles/pressed = ExtResource("31_3k8qk")
theme_override_styles/normal = ExtResource("31_3k8qk")
toggle_mode = true
button_group = ExtResource("27_juhkx")

[node name="Color8" type="Button" parent="PopupColors/PanelColors/MarginColors/GridColors"]
custom_minimum_size = Vector2(50, 50)
layout_mode = 2
theme_override_colors/font_pressed_color = Color(1, 1, 1, 1)
theme_override_colors/font_color = Color(1, 1, 1, 1)
theme_override_styles/hover = ExtResource("14_76u6f")
theme_override_styles/pressed = ExtResource("14_76u6f")
theme_override_styles/normal = ExtResource("14_76u6f")
toggle_mode = true
button_group = ExtResource("27_juhkx")

[node name="Color9" type="Button" parent="PopupColors/PanelColors/MarginColors/GridColors"]
custom_minimum_size = Vector2(50, 50)
layout_mode = 2
theme_override_colors/font_pressed_color = Color(1, 1, 1, 1)
theme_override_colors/font_color = Color(1, 1, 1, 1)
theme_override_styles/hover = ExtResource("32_rf8ns")
theme_override_styles/pressed = ExtResource("32_rf8ns")
theme_override_styles/normal = ExtResource("32_rf8ns")
toggle_mode = true
button_group = ExtResource("27_juhkx")

[node name="Color10" type="Button" parent="PopupColors/PanelColors/MarginColors/GridColors"]
custom_minimum_size = Vector2(50, 50)
layout_mode = 2
theme_override_colors/font_pressed_color = Color(0, 0, 0, 1)
theme_override_colors/font_color = Color(0, 0, 0, 1)
theme_override_styles/hover = ExtResource("33_7c1ny")
theme_override_styles/pressed = ExtResource("33_7c1ny")
theme_override_styles/normal = ExtResource("33_7c1ny")
toggle_mode = true
button_group = ExtResource("27_juhkx")

[node name="Color11" type="Button" parent="PopupColors/PanelColors/MarginColors/GridColors"]
custom_minimum_size = Vector2(50, 50)
layout_mode = 2
theme_override_colors/font_pressed_color = Color(0, 0, 0, 1)
theme_override_colors/font_color = Color(0, 0, 0, 1)
theme_override_styles/hover = ExtResource("34_740yp")
theme_override_styles/pressed = ExtResource("34_740yp")
theme_override_styles/normal = ExtResource("34_740yp")
toggle_mode = true
button_group = ExtResource("27_juhkx")

[node name="Color12" type="Button" parent="PopupColors/PanelColors/MarginColors/GridColors"]
custom_minimum_size = Vector2(50, 50)
layout_mode = 2
theme_override_colors/font_pressed_color = Color(1, 1, 1, 1)
theme_override_colors/font_color = Color(1, 1, 1, 1)
theme_override_styles/hover = ExtResource("16_fumal")
theme_override_styles/pressed = ExtResource("16_fumal")
theme_override_styles/normal = ExtResource("16_fumal")
toggle_mode = true
button_group = ExtResource("27_juhkx")

[node name="AnimationSetup" type="AnimationPlayer" parent="."]
libraries = {
"": SubResource("AnimationLibrary_r155j")
}

[connection signal="ready" from="." to="." method="_on_ready"]
[connection signal="tree_exiting" from="." to="." method="_on_tree_exiting"]
[connection signal="pressed" from="VBoxSetup/MarginTop/ButtonApply" to="." method="_on_button_apply_pressed"]
[connection signal="pressed" from="VBoxSetup/MarginTop/ButtonClose" to="." method="_on_button_close_pressed"]
[connection signal="pressed" from="VBoxSetup/TextureBoard/MarginBoard/HBoxBoard/PanelFile/MarginFile/VBoxFile/HBoxFile/ButtonOpen" to="." method="_on_button_open_pressed"]
[connection signal="pressed" from="VBoxSetup/TextureBoard/MarginBoard/HBoxBoard/PanelFile/MarginFile/VBoxFile/VBoxCards/HBoxCards/Button12" to="." method="_on_button_card_number_pressed" binds= [12]]
[connection signal="pressed" from="VBoxSetup/TextureBoard/MarginBoard/HBoxBoard/PanelFile/MarginFile/VBoxFile/VBoxCards/HBoxCards/Button16" to="." method="_on_button_card_number_pressed" binds= [16]]
[connection signal="pressed" from="VBoxSetup/TextureBoard/MarginBoard/HBoxBoard/PanelFile/MarginFile/VBoxFile/VBoxCards/HBoxCards/Button20" to="." method="_on_button_card_number_pressed" binds= [20]]
[connection signal="pressed" from="VBoxSetup/TextureBoard/MarginBoard/HBoxBoard/PanelFile/MarginFile/VBoxFile/VBoxCards/HBoxCards/Button24" to="." method="_on_button_card_number_pressed" binds= [24]]
[connection signal="pressed" from="VBoxSetup/TextureBoard/MarginBoard/HBoxBoard/PanelFile/MarginFile/VBoxFile/VBoxTimer/HBoxTimer/ButtonTimerShort" to="." method="_on_button_timer_pressed" binds= [0]]
[connection signal="pressed" from="VBoxSetup/TextureBoard/MarginBoard/HBoxBoard/PanelFile/MarginFile/VBoxFile/VBoxTimer/HBoxTimer/ButtonTimerNormal" to="." method="_on_button_timer_pressed" binds= [1]]
[connection signal="pressed" from="VBoxSetup/TextureBoard/MarginBoard/HBoxBoard/PanelFile/MarginFile/VBoxFile/VBoxTimer/HBoxTimer/ButtonTimerLong" to="." method="_on_button_timer_pressed" binds= [2]]
[connection signal="toggled" from="VBoxSetup/TextureBoard/MarginBoard/HBoxBoard/PanelPlayers/MarginPlayers/VBoxPlayers/PanelPlayer1/MarginPlayer1/VBoxPlayer1/HBoxReady1/ReadyPlayer1" to="." method="_on_ready_player_1_toggled"]
[connection signal="text_changed" from="VBoxSetup/TextureBoard/MarginBoard/HBoxBoard/PanelPlayers/MarginPlayers/VBoxPlayers/PanelPlayer1/MarginPlayer1/VBoxPlayer1/HBoxPlayer1/LinePlayer1" to="." method="_on_line_player_1_text_changed"]
[connection signal="pressed" from="VBoxSetup/TextureBoard/MarginBoard/HBoxBoard/PanelPlayers/MarginPlayers/VBoxPlayers/PanelPlayer1/MarginPlayer1/VBoxPlayer1/HBoxPlayer1/ColorPlayer1" to="." method="_on_color_player_1_pressed"]
[connection signal="toggled" from="VBoxSetup/TextureBoard/MarginBoard/HBoxBoard/PanelPlayers/MarginPlayers/VBoxPlayers/PanelPlayer2/MarginPlayer2/VBoxPlayer2/HBoxReady2/ReadyPlayer2" to="." method="_on_ready_player_2_toggled"]
[connection signal="text_changed" from="VBoxSetup/TextureBoard/MarginBoard/HBoxBoard/PanelPlayers/MarginPlayers/VBoxPlayers/PanelPlayer2/MarginPlayer2/VBoxPlayer2/HBoxPlayer2/LinePlayer2" to="." method="_on_line_player_2_text_changed"]
[connection signal="pressed" from="VBoxSetup/TextureBoard/MarginBoard/HBoxBoard/PanelPlayers/MarginPlayers/VBoxPlayers/PanelPlayer2/MarginPlayer2/VBoxPlayer2/HBoxPlayer2/ColorPlayer2" to="." method="_on_color_player_2_pressed"]
[connection signal="toggled" from="VBoxSetup/TextureBoard/MarginBoard/HBoxBoard/PanelPlayers/MarginPlayers/VBoxPlayers/PanelPlayer3/MarginPlayer3/VBoxPlayer3/HBoxReady3/ReadyPlayer3" to="." method="_on_ready_player_3_toggled"]
[connection signal="text_changed" from="VBoxSetup/TextureBoard/MarginBoard/HBoxBoard/PanelPlayers/MarginPlayers/VBoxPlayers/PanelPlayer3/MarginPlayer3/VBoxPlayer3/HBoxPlayer3/LinePlayer3" to="." method="_on_line_player_3_text_changed"]
[connection signal="pressed" from="VBoxSetup/TextureBoard/MarginBoard/HBoxBoard/PanelPlayers/MarginPlayers/VBoxPlayers/PanelPlayer3/MarginPlayer3/VBoxPlayer3/HBoxPlayer3/ColorPlayer3" to="." method="_on_color_player_3_pressed"]
[connection signal="toggled" from="VBoxSetup/TextureBoard/MarginBoard/HBoxBoard/PanelPlayers/MarginPlayers/VBoxPlayers/PanelPlayer4/MarginPlayer4/VBoxPlayer4/HBoxReady4/ReadyPlayer4" to="." method="_on_ready_player_4_toggled"]
[connection signal="text_changed" from="VBoxSetup/TextureBoard/MarginBoard/HBoxBoard/PanelPlayers/MarginPlayers/VBoxPlayers/PanelPlayer4/MarginPlayer4/VBoxPlayer4/HBoxPlayer4/LinePlayer4" to="." method="_on_line_player_4_text_changed"]
[connection signal="pressed" from="VBoxSetup/TextureBoard/MarginBoard/HBoxBoard/PanelPlayers/MarginPlayers/VBoxPlayers/PanelPlayer4/MarginPlayer4/VBoxPlayer4/HBoxPlayer4/ColorPlayer4" to="." method="_on_color_player_4_pressed"]
[connection signal="popup_hide" from="PopupColors" to="." method="_on_popup_colors_popup_hide"]
[connection signal="pressed" from="PopupColors/PanelColors/MarginColors/GridColors/Color1" to="." method="_on_popup_color_pressed"]
[connection signal="pressed" from="PopupColors/PanelColors/MarginColors/GridColors/Color2" to="." method="_on_popup_color_pressed"]
[connection signal="pressed" from="PopupColors/PanelColors/MarginColors/GridColors/Color3" to="." method="_on_popup_color_pressed"]
[connection signal="pressed" from="PopupColors/PanelColors/MarginColors/GridColors/Color4" to="." method="_on_popup_color_pressed"]
[connection signal="pressed" from="PopupColors/PanelColors/MarginColors/GridColors/Color5" to="." method="_on_popup_color_pressed"]
[connection signal="pressed" from="PopupColors/PanelColors/MarginColors/GridColors/Color6" to="." method="_on_popup_color_pressed"]
[connection signal="pressed" from="PopupColors/PanelColors/MarginColors/GridColors/Color7" to="." method="_on_popup_color_pressed"]
[connection signal="pressed" from="PopupColors/PanelColors/MarginColors/GridColors/Color8" to="." method="_on_popup_color_pressed"]
[connection signal="pressed" from="PopupColors/PanelColors/MarginColors/GridColors/Color9" to="." method="_on_popup_color_pressed"]
[connection signal="pressed" from="PopupColors/PanelColors/MarginColors/GridColors/Color10" to="." method="_on_popup_color_pressed"]
[connection signal="pressed" from="PopupColors/PanelColors/MarginColors/GridColors/Color11" to="." method="_on_popup_color_pressed"]
[connection signal="pressed" from="PopupColors/PanelColors/MarginColors/GridColors/Color12" to="." method="_on_popup_color_pressed"]
[connection signal="animation_finished" from="AnimationSetup" to="." method="_on_setup_online_animation_finished"]
