[gd_resource type="SpriteFrames" load_steps=19 format=3 uid="uid://benqcj3aq2p64"]

[ext_resource type="Texture2D" uid="uid://cdf4qtws3bvr4" path="res://assets/sprites/loading_spinner_1.png" id="1_p4rda"]
[ext_resource type="Texture2D" uid="uid://npcbf4hckr2l" path="res://assets/sprites/loading_spinner_2.png" id="2_ccigx"]
[ext_resource type="Texture2D" uid="uid://buvetq2ytqwuk" path="res://assets/sprites/loading_spinner_3.png" id="3_7x4u6"]
[ext_resource type="Texture2D" uid="uid://mnvq5acv0qky" path="res://assets/sprites/loading_spinner_4.png" id="4_mp0ug"]
[ext_resource type="Texture2D" uid="uid://vl5wyxn0n8o5" path="res://assets/sprites/loading_spinner_5.png" id="5_qsx1u"]
[ext_resource type="Texture2D" uid="uid://clv6kbiat7kxr" path="res://assets/sprites/loading_spinner_6.png" id="6_k76hq"]
[ext_resource type="Texture2D" uid="uid://bewrg8u2dvsy2" path="res://assets/sprites/loading_spinner_7.png" id="7_ig5mr"]
[ext_resource type="Texture2D" uid="uid://bptc64r1j8r1i" path="res://assets/sprites/loading_spinner_8.png" id="8_4jmdb"]
[ext_resource type="Texture2D" uid="uid://dx06w5jparc2k" path="res://assets/sprites/loading_spinner_9.png" id="9_a0ahi"]
[ext_resource type="Texture2D" uid="uid://b6sq7dyc0uttg" path="res://assets/sprites/loading_spinner_10.png" id="10_0pp2b"]
[ext_resource type="Texture2D" uid="uid://cw2k4xn3vf7o6" path="res://assets/sprites/loading_spinner_11.png" id="11_df5hq"]
[ext_resource type="Texture2D" uid="uid://s8rronodxbro" path="res://assets/sprites/loading_spinner_12.png" id="12_eqyu4"]
[ext_resource type="Texture2D" uid="uid://dvy1c1rqaad5p" path="res://assets/sprites/loading_spinner_13.png" id="13_rqgk2"]
[ext_resource type="Texture2D" uid="uid://b2jjpagc4otiv" path="res://assets/sprites/loading_spinner_14.png" id="14_pdm41"]
[ext_resource type="Texture2D" uid="uid://oxkwr7i1vknu" path="res://assets/sprites/loading_spinner_15.png" id="15_pb6kg"]
[ext_resource type="Texture2D" uid="uid://bkafw6apqw56q" path="res://assets/sprites/loading_spinner_16.png" id="16_d2ohc"]
[ext_resource type="Texture2D" uid="uid://ba4iokshgr2j6" path="res://assets/sprites/loading_spinner_17.png" id="17_ti45e"]
[ext_resource type="Texture2D" uid="uid://cnpjdtpq5yrto" path="res://assets/sprites/loading_spinner_18.png" id="18_5rkxp"]

[resource]
animations = [{
"frames": [{
"duration": 1.0,
"texture": ExtResource("1_p4rda")
}, {
"duration": 1.0,
"texture": ExtResource("2_ccigx")
}, {
"duration": 1.0,
"texture": ExtResource("3_7x4u6")
}, {
"duration": 1.0,
"texture": ExtResource("4_mp0ug")
}, {
"duration": 1.0,
"texture": ExtResource("5_qsx1u")
}, {
"duration": 1.0,
"texture": ExtResource("6_k76hq")
}, {
"duration": 1.0,
"texture": ExtResource("7_ig5mr")
}, {
"duration": 1.0,
"texture": ExtResource("8_4jmdb")
}, {
"duration": 1.0,
"texture": ExtResource("9_a0ahi")
}, {
"duration": 1.0,
"texture": ExtResource("10_0pp2b")
}, {
"duration": 1.0,
"texture": ExtResource("11_df5hq")
}, {
"duration": 1.0,
"texture": ExtResource("12_eqyu4")
}, {
"duration": 1.0,
"texture": ExtResource("13_rqgk2")
}, {
"duration": 1.0,
"texture": ExtResource("14_pdm41")
}, {
"duration": 1.0,
"texture": ExtResource("15_pb6kg")
}, {
"duration": 1.0,
"texture": ExtResource("16_d2ohc")
}, {
"duration": 1.0,
"texture": ExtResource("17_ti45e")
}, {
"duration": 1.0,
"texture": ExtResource("18_5rkxp")
}],
"loop": true,
"name": &"spinning",
"speed": 10.0
}]
